2812 5258
89 418 125 479 (V-
140 416 208 479 ¹'tl-l
397 414 611 471 Tflttuatuos
632 417 741 471 LIBER
761 417 809 471 1v.

87 542 217 614 Nexilis
236 544 410 611 innumero
426 540 604 635 chalybum
623 543 809 612 subtemine
831 542 967 623 thorax,

88 663 321 745 llorrendum,
339 686 407 731 nou
424 665 539 732 matris
554 688 654 757 opus,
683 658 841 756 galeaque
859 683 996 728 corusca

87 784 260 853 Prominet
275 805 351 850 arce
370 783 484 877 gigas,
503 799 602 876 atque
618 784 677 852 uni
698 779 828 851 missilis
847 779 895 849 illi

90 902 237 997 Cuspide
253 902 389 1000 praelixa
405 917 472 973 stat
490 902 665 974 frondibus
683 903 766 972 orba
783 926 970 996 cupressus.

142 1026 228 1092 Huic
247 1049 365 1119 parere
382 1024 469 1109 dati,
486 1050 569 1118 quos
587 1024 705 1094 fertilis
725 1025 963 1118 Amphigenia,

92 1144 262 1238 Plauaque
278 1148 451 1232 Messene,
469 1160 694 1239 montanaque
712 1148 821 1216 nutrit
838 1145 986 1236 Ithome,

95 1268 190 1355 Quos
208 1268 355 1351 Thrion,
374 1282 406 1335 et
427 1268 566 1337 summis
584 1269 752 1362 ingestum
768 1262 939 1335 montibus
957 1264 1052 1358 AEpy,

95 1390 190 1477 Quos
211 1387 327 1470 Helos,
344 1404 378 1456 et
394 1387 549 1477 Pteleon,
566 1390 686 1459 Getico
703 1414 789 1483 quos
806 1386 916 1456 flebile
935 1387 1000 1455 vati

95 1512 226 1580 Dorion
244 1536 252 1578 :
267 1510 322 1578 hic
340 1509 444 1579 frctus
461 1509 575 1581 doctas
597 1513 726 1581 anteire
743 1511 894 1580 canendo

96 1630 259 1715 Aonidas,
278 1646 386 1702 mutos
403 1632 577 1727 Thamyris
593 1632 769 1704 damnatus
790 1636 824 1701 in
842 1656 946 1702 annos

97 1754 169 1822 Ore
184 1750 300 1841 simul,
315 1754 509 1847 citharaque
528 1756 616 1848 (quis
634 1757 733 1825 obvia
752 1757 889 1824 numina
906 1764 1032 1821 temnat
1043 1749 1076 1842 l)

97 1872 270 1940 Conticuit
287 1896 450 1966 praeceps,
468 1876 525 1967 qui
542 1900 611 1943 non
628 1877 809 1945 certamina
827 1875 945 1944 Phoebi

98 1993 241 2075 Nosset,
261 2005 296 2059 et
311 1989 455 2060 illustres
473 1996 592 2088 Satyro
610 1995 774 2089 pendente
790 1994 947 2064 Celonas.-

151 2115 289 2202 Jamque
304 2125 337 2179 et
352 2111 478 2181 fatidici
495 2138 589 2182 meus
605 2129 791 2210 expugnata
812 2116 934 2185 fatiscit

104 2236 268 2329 Auguris3
287 2232 342 2303 ille
360 2233 493 2327 quidem
510 2259 622 2319 casus,
641 2252 675 2306 et
693 2237 767 2306 dira
785 2237 915 2305 videbat

104 2359 221 2452 Signa,
242 2356 300 2425 aad
317 2356 389 2450 ipsa
407 2380 508 2426 mauu
523 2361 694 2428 cunctanti
713 2361 868 2451 injecerat
884 2380 976 2426 arma

106 2483 262 2572 Atropos,
282 2477 507 2572 obrueratque
526 2482 654 2564 Deum;
675 2504 735 2547 nec
752 2477 903 2570 conjugis
918 2452 1041 2545 absunt

105 2600 248 2688 Insidiae,
268 2602 436 2693 vetitoque
453 2597 651 2694 domusiam
671 2598 818 2695 fulgurat
836 2623 929 2667 auro.

107 2726 175 2793 lloc
193 2745 309 2792 aurum
330 2722 396 2790 vati
418 2720 483 2789 fata
501 2719 632 2790 exitiale
651 2721 832 2790 monebant

108 2843 284 2938 Argolico:
301 2844 362 2912 scit
380 2857 413 2912 et
432 2845 502 2937 ipse
519 2842 627 2929 nefas,
645 2840 703 2910 sed
721 2840 847 2935 perfida
862 2841 984 2931 conjux

106 2968 203 3035 Dona
220 2965 293 3033 viro
310 2977 439 3033 mutare
456 2961 554 3047 volit,
573 2960 752 3057 spoliisque
771 2962 930 3055 potentis.

106 3087 262 3154 Imminet
275 3084 400 3179 Argiae,
418 3099 580 3179 raptoque
596 3081 756 3153 excellere
774 3079 877 3153 cultu.

156 3205 215 3274 Illa
231 3204 337 3275 libens
354 3205 449 3299 (nam
466 3230 582 3300 regum
599 3208 742 3291 animos,
759 3217 791 3273 et
807 3200 952 3297 pondera
968 3200 1044 3270 belli

109 3332 179 3397 llac
197 3341 313 3395 nutare
332 3324 438 3410 videt,
457 3326 582 3418 pariter
598 3327 632 3393 ni
652 3324 811 3418 providus
830 3325 928 3393 heros

107 3444 250 3539 Militat)
269 3448 340 3539 ipsa
359 3470 469 3514 sacros
484 3446 610 3538 grando
625 3443 789 3536 Polynicis
806 3446 906 3512 amati

108 3569 273 3661 Deposuit
290 3589 395 3635 nexus
414 3563 503 3633 haud
521 3580 654 3650 moesta,
672 3578 771 3657 atque
790 3566 925 3659 insuper
942 3564 1055 3633 addit:

157 3717 175 3751 a
187 3690 266 3757 Non
283 3686 353 3755 haec
369 3701 447 3780 apta
463 3686 545 3754 mihi
567 3685 679 3754 nitidis
697 3685 883 3774 ornatibus,
905 3687 1033 3779 inquit,

108 3808 295 3901 Tempora,
312 3830 373 3877 uec
390 3809 519 3877 miserae
536 3806 685 3901 placeant
703 3807 846 3900 insignia
864 3806 977 3874 formae

110 3927 269 3994 Terina:
289 3940 340 3994 sat
352 3926 492 3996 dubium
512 3940 598 3995 coetu
616 3925 744 3995 solante
762 3926 913 3993 timorem

112 4040 258 4133 Fallere,
275 4060 308 4113 ct
326 4045 468 4115 incultos
487 4048 553 4115 aris
573 4045 749 4115 adverrere
767 4047 882 4115 crines.
