<?xml version="1.0" encoding="UTF-8"?>
<!DOCTYPE html PUBLIC "-//W3C//DTD XHTML 1.0 Transitional//EN"
    "http://www.w3.org/TR/xhtml1/DTD/xhtml1-transitional.dtd">
<html xmlns="http://www.w3.org/1999/xhtml" xml:lang="en" lang="en">
 <head>
  <title>
</title>
<meta http-equiv="Content-Type" content="text/html;charset=utf-8" />
  <meta name='ocr-system' content='tesseract 3.04.00' />
  <meta name='ocr-capabilities' content='ocr_page ocr_carea ocr_par ocr_line ocrx_word'/>
</head>
<body>
  <div class='ocr_page' id='page_1' title='image "./publiipapiniist01statgoog_0034.png"; bbox 0 0 2812 5258; ppageno 0'>
   <div class='ocr_carea' id='block_1_1' title="bbox 190 432 1025 1114">
    <p class='ocr_par' dir='ltr' id='par_1_1' title="bbox 190 432 1025 1114">
     <span class='ocr_line' id='line_1_1' title="bbox 190 432 848 488; baseline -0.006 0"><span class='ocrx_word' id='word_1_1' title='bbox 190 433 211 488; x_wconf 67' lang='lat'>⁸</span> <span class='ocrx_word' id='word_1_2' title='bbox 539 434 570 486; x_wconf 78' lang='lat' dir='ltr'>P.</span> <span class='ocrx_word' id='word_1_3' title='bbox 589 432 709 488; x_wconf 71' lang='lat' dir='ltr'>mul</span> <span class='ocrx_word' id='word_1_4' title='bbox 729 432 848 486; x_wconf 77' lang='lat' dir='ltr'>snm</span> 
     </span>
     <span class='ocr_line' id='line_1_2' title="bbox 196 553 926 649; baseline -0.005 -25"><span class='ocrx_word' id='word_1_5' title='bbox 196 553 390 647; x_wconf 56' lang='lat' dir='ltr'>Amfiexum</span> <span class='ocrx_word' id='word_1_6' title='bbox 408 554 521 623; x_wconf 71' lang='lat' dir='ltr'>nivem</span> <span class='ocrx_word' id='word_1_7' title='bbox 536 571 656 648; x_wconf 70' lang='lat' dir='ltr'>optata</span> <span class='ocrx_word' id='word_1_8' title='bbox 671 558 819 649; x_wconf 79' lang='lat' dir='ltr'>eonjugie</span> <span class='ocrx_word' id='word_1_9' title='bbox 836 568 926 620; x_wconf 79' lang='lat' dir='ltr'>artus</span> 
     </span>
     <span class='ocr_line' id='line_1_3' title="bbox 191 669 1012 766; baseline -0.005 -27"><span class='ocrx_word' id='word_1_10' title='bbox 191 670 342 739; x_wconf 78' lang='lat' dir='ltr'>Floribus</span> <span class='ocrx_word' id='word_1_11' title='bbox 357 674 537 740; x_wconf 82' lang='lat' dir='ltr'>innumeris</span> <span class='ocrx_word' id='word_1_12' title='bbox 551 688 585 741; x_wconf 85' lang='lat' dir='ltr'>et</span> <span class='ocrx_word' id='word_1_13' title='bbox 600 672 704 742; x_wconf 86' lang='lat' dir='ltr'>olenti</span> <span class='ocrx_word' id='word_1_14' title='bbox 720 696 872 766; x_wconf 69' lang='lat' dir='ltr'>spargere</span> <span class='ocrx_word' id='word_1_15' title='bbox 889 669 1012 736; x_wconf 86' lang='lat' dir='ltr'>nimbo.</span> 
     </span>
     <span class='ocr_line' id='line_1_4' title="bbox 192 785 1025 874; baseline -0.005 -19"><span class='ocrx_word' id='word_1_16' title='bbox 192 791 244 855; x_wconf 87' lang='lat' dir='ltr'>Tu</span> <span class='ocrx_word' id='word_1_17' title='bbox 259 787 359 859; x_wconf 84' lang='lat' dir='ltr'>modo</span> <span class='ocrx_word' id='word_1_18' title='bbox 373 788 482 856; x_wconf 84' lang='lat' dir='ltr'>fronte</span> <span class='ocrx_word' id='word_1_19' title='bbox 496 814 600 874; x_wconf 76' lang='lat' dir='ltr'>roem,</span> <span class='ocrx_word' id='word_1_20' title='bbox 615 789 710 857; x_wconf 75' lang='lat' dir='ltr'>violis</span> <span class='ocrx_word' id='word_1_21' title='bbox 724 789 823 857; x_wconf 90' lang='lat' dir='ltr'>modo</span> <span class='ocrx_word' id='word_1_22' title='bbox 839 785 907 853; x_wconf 76' lang='lat' dir='ltr'>titia</span> <span class='ocrx_word' id='word_1_23' title='bbox 923 788 1025 853; x_wconf 80' lang='lat' dir='ltr'>mixta</span> 
     </span>
     <span class='ocr_line' id='line_1_5' title="bbox 194 905 992 996; baseline -0.004 -23"><span class='ocrx_word' id='word_1_24' title='bbox 194 907 340 996; x_wconf 69' lang='lat' dir='ltr'>Excipis,</span> <span class='ocrx_word' id='word_1_25' title='bbox 358 920 390 972; x_wconf 90' lang='lat' dir='ltr'>et</span> <span class='ocrx_word' id='word_1_26' title='bbox 406 905 547 974; x_wconf 69' lang='lat' dir='ltr'>domina</span> <span class='ocrx_word' id='word_1_27' title='bbox 562 909 665 974; x_wconf 75' lang='lat' dir='ltr'>niveis</span> <span class='ocrx_word' id='word_1_28' title='bbox 678 932 699 974; x_wconf 76' lang='lat' dir='ltr'>a</span> <span class='ocrx_word' id='word_1_29' title='bbox 713 906 856 975; x_wconf 75' lang='lat' dir='ltr'>vultibus</span> <span class='ocrx_word' id='word_1_30' title='bbox 870 905 992 971; x_wconf 79' lang='lat' dir='ltr'><strong>obstas.</strong></span> 
     </span>
     <span class='ocr_line' id='line_1_6' title="bbox 241 1020 988 1114; baseline 0 -26"><span class='ocrx_word' id='word_1_31' title='bbox 241 1025 329 1114; x_wconf 78' lang='lat' dir='ltr'>Ergo</span> <span class='ocrx_word' id='word_1_32' title='bbox 344 1021 414 1089; x_wconf 77' lang='lat' dir='ltr'>dies</span> <span class='ocrx_word' id='word_1_33' title='bbox 428 1022 540 1090; x_wconf 78' lang='lat' dir='ltr'>aderat</span> <span class='ocrx_word' id='word_1_34' title='bbox 555 1028 731 1093; x_wconf 70' lang='lat' dir='ltr'>Perennem</span> <span class='ocrx_word' id='word_1_35' title='bbox 748 1023 899 1091; x_wconf 76' lang='lat' dir='ltr'>maditus</span> <span class='ocrx_word' id='word_1_36' title='bbox 912 1020 988 1088; x_wconf 79' lang='lat' dir='ltr'>albo</span> 
     </span>
    </p>
   </div>
   <div class='ocr_carea' id='block_1_2' title="bbox 196 1136 1064 1702">
    <p class='ocr_par' dir='ltr' id='par_1_2' title="bbox 196 1136 1064 1702">
     <span class='ocr_line' id='line_1_7' title="bbox 196 1136 1001 1232; baseline 0.004 -29"><span class='ocrx_word' id='word_1_37' title='bbox 196 1136 340 1222; x_wconf 78' lang='lat' dir='ltr'>Vellere,</span> <span class='ocrx_word' id='word_1_38' title='bbox 356 1162 423 1229; x_wconf 89' lang='lat' dir='ltr'>quo</span> <span class='ocrx_word' id='word_1_39' title='bbox 439 1138 545 1207; x_wconf 63' lang='lat' dir='ltr'>Stellae</span> <span class='ocrx_word' id='word_1_40' title='bbox 560 1138 824 1232; x_wconf 66' lang='lat' dir='ltr'>Violentillaeque</span> <span class='ocrx_word' id='word_1_41' title='bbox 838 1140 1001 1231; x_wconf 69' lang='lat' dir='ltr'>professus</span> 
     </span>
     <span class='ocr_line' id='line_1_8' title="bbox 196 1253 1064 1349; baseline 0.003 -27"><span class='ocrx_word' id='word_1_42' title='bbox 196 1253 402 1323; x_wconf 80' lang='lat' dir='ltr'>Clamarenn</span> <span class='ocrx_word' id='word_1_43' title='bbox 415 1260 553 1348; x_wconf 86' lang='lat' dir='ltr'>Hymen</span> <span class='ocrx_word' id='word_1_44' title='bbox 571 1257 698 1325; x_wconf 77' lang='lat' dir='ltr'>Cedant</span> <span class='ocrx_word' id='word_1_45' title='bbox 713 1281 863 1349; x_wconf 72' lang='lat' dir='ltr'>cumque</span> <span class='ocrx_word' id='word_1_46' title='bbox 879 1271 1064 1349; x_wconf 73' lang='lat' dir='ltr'>metuique,</span> 
     </span>
     <span class='ocr_line' id='line_1_9' title="bbox 197 1372 948 1466; baseline 0 -26"><span class='ocrx_word' id='word_1_47' title='bbox 197 1373 334 1440; x_wconf 71' lang='lat' dir='ltr'>Cessent</span> <span class='ocrx_word' id='word_1_48' title='bbox 348 1373 519 1441; x_wconf 76' lang='lat' dir='ltr'>mendaoee</span> <span class='ocrx_word' id='word_1_49' title='bbox 536 1372 661 1466; x_wconf 84' lang='lat' dir='ltr'>obliqui</span> <span class='ocrx_word' id='word_1_50' title='bbox 675 1375 829 1442; x_wconf 77' lang='lat' dir='ltr'>oerminis</span> <span class='ocrx_word' id='word_1_51' title='bbox 844 1389 948 1458; x_wconf 76' lang='lat' dir='ltr'>estus3</span> 
     </span>
     <span class='ocr_line' id='line_1_10' title="bbox 199 1490 1004 1583; baseline 0.004 -28"><span class='ocrx_word' id='word_1_52' title='bbox 199 1492 314 1575; x_wconf 77' lang='lat' dir='ltr'>Fame,</span> <span class='ocrx_word' id='word_1_53' title='bbox 328 1504 399 1559; x_wconf 79' lang='lat' dir='ltr'>tane</span> <span class='ocrx_word' id='word_1_54' title='bbox 416 1518 425 1557; x_wconf 77' lang='grc' dir='ltr'><strong><em>ε</em></strong></span> <span class='ocrx_word' id='word_1_55' title='bbox 442 1491 541 1559; x_wconf 84' lang='lat' dir='ltr'>subiit</span> <span class='ocrx_word' id='word_1_56' title='bbox 558 1490 660 1583; x_wconf 77' lang='lat' dir='ltr'>leges,</span> <span class='ocrx_word' id='word_1_57' title='bbox 674 1505 708 1558; x_wconf 89' lang='lat' dir='ltr'>et</span> <span class='ocrx_word' id='word_1_58' title='bbox 722 1491 814 1558; x_wconf 76' lang='lat' dir='ltr'>fiena</span> <span class='ocrx_word' id='word_1_59' title='bbox 828 1491 1004 1558; x_wconf 85' lang='lat' dir='ltr'>momordit</span> 
     </span>
     <span class='ocr_line' id='line_1_11' title="bbox 198 1606 1050 1702; baseline -0.002 -26"><span class='ocrx_word' id='word_1_60' title='bbox 198 1606 259 1676; x_wconf 85' lang='lat' dir='ltr'>llte</span> <span class='ocrx_word' id='word_1_61' title='bbox 274 1606 400 1676; x_wconf 78' lang='lat' dir='ltr'>solutus</span> <span class='ocrx_word' id='word_1_62' title='bbox 415 1634 508 1676; x_wconf 83' lang='lat' dir='ltr'>amor</span> <span class='ocrx_word' id='word_1_63' title='bbox 523 1636 531 1675; x_wconf 93' lang='lat'><strong>:</strong></span> <span class='ocrx_word' id='word_1_64' title='bbox 549 1623 740 1701; x_wconf 77' lang='lat' dir='ltr'>consumpta</span> <span class='ocrx_word' id='word_1_65' title='bbox 756 1624 804 1676; x_wconf 81' lang='lat' dir='ltr'>eet</span> <span class='ocrx_word' id='word_1_66' title='bbox 819 1607 928 1675; x_wconf 77' lang='lat' dir='ltr'>fabula</span> <span class='ocrx_word' id='word_1_67' title='bbox 944 1608 1050 1702; x_wconf 78' lang='lat' dir='ltr'>vulgi,</span> 
     </span>
    </p>
   </div>
   <div class='ocr_carea' id='block_1_3' title="bbox 200 1724 1127 4053">
    <p class='ocr_par' dir='ltr' id='par_1_3' title="bbox 200 1724 865 1793">
     <span class='ocr_line' id='line_1_12' title="bbox 200 1724 865 1793; baseline 0 -1"><span class='ocrx_word' id='word_1_68' title='bbox 200 1729 243 1792; x_wconf 84' lang='lat' dir='ltr'>Et</span> <span class='ocrx_word' id='word_1_69' title='bbox 257 1739 390 1792; x_wconf 78' lang='lat' dir='ltr'>narrata</span> <span class='ocrx_word' id='word_1_70' title='bbox 405 1725 462 1792; x_wconf 91' lang='lat' dir='ltr'>diu</span> <span class='ocrx_word' id='word_1_71' title='bbox 479 1725 631 1793; x_wconf 82' lang='lat' dir='ltr'>viderunt</span> <span class='ocrx_word' id='word_1_72' title='bbox 645 1724 755 1793; x_wconf 72' lang='lat' dir='ltr'>oscula</span> <span class='ocrx_word' id='word_1_73' title='bbox 769 1727 865 1792; x_wconf 77' lang='lat' dir='ltr'>civee</span> 
     </span>
    </p>

    <p class='ocr_par' dir='ltr' id='par_1_4' title="bbox 200 1841 1093 2167">
     <span class='ocr_line' id='line_1_13' title="bbox 200 1841 1044 1933; baseline 0.001 -25"><span class='ocrx_word' id='word_1_74' title='bbox 200 1844 252 1908; x_wconf 83' lang='lat' dir='ltr'>Tu</span> <span class='ocrx_word' id='word_1_75' title='bbox 268 1855 377 1908; x_wconf 80' lang='lat' dir='ltr'>tamen</span> <span class='ocrx_word' id='word_1_76' title='bbox 392 1843 569 1925; x_wconf 67' lang='lat' dir='ltr'>oronim,</span> <span class='ocrx_word' id='word_1_77' title='bbox 582 1844 731 1933; x_wconf 77' lang='lat' dir='ltr'>quamvis</span> <span class='ocrx_word' id='word_1_78' title='bbox 744 1841 820 1909; x_wconf 77' lang='lat' dir='ltr'>data</span> <span class='ocrx_word' id='word_1_79' title='bbox 834 1843 930 1933; x_wconf 77' lang='lat' dir='ltr'>eopia</span> <span class='ocrx_word' id='word_1_80' title='bbox 947 1856 1044 1909; x_wconf 76' lang='lat' dir='ltr'>nntae</span> 
     </span>
     <span class='ocr_line' id='line_1_14' title="bbox 201 1957 1093 2051; baseline 0.001 -25"><span class='ocrx_word' id='word_1_81' title='bbox 201 1959 332 2044; x_wconf 75' lang='lat' dir='ltr'>Noctis,</span> <span class='ocrx_word' id='word_1_82' title='bbox 346 1957 453 2026; x_wconf 78' lang='lat' dir='ltr'>adhuc</span> <span class='ocrx_word' id='word_1_83' title='bbox 468 1973 577 2051; x_wconf 79' lang='lat' dir='ltr'>optas,</span> <span class='ocrx_word' id='word_1_84' title='bbox 592 1961 812 2051; x_wconf 79' lang='lat' dir='ltr'>permissaque</span> <span class='ocrx_word' id='word_1_85' title='bbox 826 1960 962 2026; x_wconf 89' lang='lat' dir='ltr'>numine</span> <span class='ocrx_word' id='word_1_86' title='bbox 978 1959 1093 2028; x_wconf 82' lang='lat' dir='ltr'>dextro</span> 
     </span>
     <span class='ocr_line' id='line_1_15' title="bbox 203 2075 993 2167; baseline 0.006 -28"><span class='ocrx_word' id='word_1_87' title='bbox 203 2076 289 2143; x_wconf 75' lang='lat' dir='ltr'>Vota</span> <span class='ocrx_word' id='word_1_88' title='bbox 307 2099 414 2167; x_wconf 73' lang='lat' dir='ltr'>paren</span> <span class='ocrx_word' id='word_1_89' title='bbox 430 2080 535 2161; x_wconf 88' lang='lat' dir='ltr'>Pone,</span> <span class='ocrx_word' id='word_1_90' title='bbox 550 2102 572 2144; x_wconf 93' lang='lat' dir='ltr'>o</span> <span class='ocrx_word' id='word_1_91' title='bbox 587 2075 704 2160; x_wconf 80' lang='lat' dir='ltr'>duleis,</span> <span class='ocrx_word' id='word_1_92' title='bbox 720 2077 871 2167; x_wconf 75' lang='lat' dir='ltr'>nupiria,</span> <span class='ocrx_word' id='word_1_93' title='bbox 887 2091 993 2159; x_wconf 76' lang='lat' dir='ltr'>vetes,</span> 
     </span>
    </p>

    <p class='ocr_par' dir='ltr' id='par_1_5' title="bbox 202 2191 1117 2872">
     <span class='ocr_line' id='line_1_16' title="bbox 202 2191 1083 2286; baseline 0 -27"><span class='ocrx_word' id='word_1_94' title='bbox 202 2195 307 2278; x_wconf 86' lang='lat' dir='ltr'>Pone,</span> <span class='ocrx_word' id='word_1_95' title='bbox 324 2206 380 2260; x_wconf 82' lang='lat' dir='ltr'>tue</span> <span class='ocrx_word' id='word_1_96' title='bbox 395 2207 454 2261; x_wconf 79' lang='lat' dir='ltr'>eet</span> <span class='ocrx_word' id='word_1_97' title='bbox 470 2195 564 2262; x_wconf 89' lang='lat' dir='ltr'>Lioet</span> <span class='ocrx_word' id='word_1_98' title='bbox 577 2195 759 2286; x_wconf 78' lang='lat' dir='ltr'>expositum</span> <span class='ocrx_word' id='word_1_99' title='bbox 777 2216 837 2284; x_wconf 86' lang='lat' dir='ltr'>per</span> <span class='ocrx_word' id='word_1_100' title='bbox 852 2191 953 2260; x_wconf 89' lang='lat' dir='ltr'>limen</span> <span class='ocrx_word' id='word_1_101' title='bbox 968 2207 1083 2284; x_wconf 70' lang='lat' dir='ltr'>aperto</span> 
     </span>
     <span class='ocr_line' id='line_1_17' title="bbox 203 2308 1117 2405; baseline -0.001 -28"><span class='ocrx_word' id='word_1_102' title='bbox 203 2312 271 2395; x_wconf 86' lang='lat' dir='ltr'>Ire,</span> <span class='ocrx_word' id='word_1_103' title='bbox 287 2310 409 2395; x_wconf 82' lang='lat' dir='ltr'>redire,</span> <span class='ocrx_word' id='word_1_104' title='bbox 425 2311 530 2405; x_wconf 78' lang='lat' dir='ltr'>gradu</span> <span class='ocrx_word' id='word_1_105' title='bbox 548 2314 639 2403; x_wconf 83' lang='lat' dir='ltr'>:jam</span> <span class='ocrx_word' id='word_1_106' title='bbox 655 2334 815 2402; x_wconf 76' lang='lat' dir='ltr'><strong>nusquam</strong></span> <span class='ocrx_word' id='word_1_107' title='bbox 826 2311 961 2401; x_wconf 86' lang='lat' dir='ltr'>janitor,</span> <span class='ocrx_word' id='word_1_108' title='bbox 975 2324 1032 2377; x_wconf 74' lang='lat' dir='ltr'>ant</span> <span class='ocrx_word' id='word_1_109' title='bbox 1046 2308 1117 2391; x_wconf 81' lang='lat' dir='ltr'>lex,</span> 
     </span>
     <span class='ocr_line' id='line_1_18' title="bbox 206 2427 995 2520; baseline 0.001 -25"><span class='ocrx_word' id='word_1_110' title='bbox 206 2429 274 2495; x_wconf 77' lang='lat' dir='ltr'>Aut</span> <span class='ocrx_word' id='word_1_111' title='bbox 289 2427 419 2519; x_wconf 84' lang='lat' dir='ltr'>pudor:</span> <span class='ocrx_word' id='word_1_112' title='bbox 436 2427 589 2519; x_wconf 84' lang='lat' dir='ltr'>amplexu</span> <span class='ocrx_word' id='word_1_113' title='bbox 605 2427 736 2494; x_wconf 80' lang='lat' dir='ltr'>tandem</span> <span class='ocrx_word' id='word_1_114' title='bbox 751 2429 868 2494; x_wconf 83' lang='lat' dir='ltr'>satiare</span> <span class='ocrx_word' id='word_1_115' title='bbox 886 2432 995 2520; x_wconf 66' lang='lat' dir='ltr'>petite</span> 
     </span>
     <span class='ocr_line' id='line_1_19' title="bbox 205 2543 1038 2638; baseline 0.002 -27"><span class='ocrx_word' id='word_1_116' title='bbox 205 2544 380 2638; x_wconf 74' lang='lat' dir='ltr'>conjugis,</span> <span class='ocrx_word' id='word_1_117' title='bbox 397 2558 431 2611; x_wconf 92' lang='lat' dir='ltr'>et</span> <span class='ocrx_word' id='word_1_118' title='bbox 445 2543 544 2612; x_wconf 78' lang='lat' dir='ltr'>durae</span> <span class='ocrx_word' id='word_1_119' title='bbox 558 2546 680 2637; x_wconf 84' lang='lat' dir='ltr'>pariter</span> <span class='ocrx_word' id='word_1_120' title='bbox 696 2546 903 2613; x_wconf 82' lang='lat' dir='ltr'>reminisoere</span> <span class='ocrx_word' id='word_1_121' title='bbox 917 2560 1038 2613; x_wconf 60' lang='lat' dir='ltr'>noctes</span> 
     </span>
     <span class='ocr_line' id='line_1_20' title="bbox 206 2660 1046 2756; baseline 0 -26"><span class='ocrx_word' id='word_1_122' title='bbox 206 2662 316 2756; x_wconf 79' lang='lat' dir='ltr'>Digna</span> <span class='ocrx_word' id='word_1_123' title='bbox 331 2660 464 2755; x_wconf 83' lang='lat' dir='ltr'>quidem</span> <span class='ocrx_word' id='word_1_124' title='bbox 480 2686 618 2748; x_wconf 75' lang='lat' dir='ltr'>mercen,</span> <span class='ocrx_word' id='word_1_125' title='bbox 634 2674 667 2729; x_wconf 85' lang='lat' dir='ltr'>et</span> <span class='ocrx_word' id='word_1_126' title='bbox 680 2663 708 2729; x_wconf 80' lang='lat' dir='ltr'>ei</span> <span class='ocrx_word' id='word_1_127' title='bbox 724 2662 783 2729; x_wconf 89' lang='lat' dir='ltr'>tibi</span> <span class='ocrx_word' id='word_1_128' title='bbox 798 2665 887 2730; x_wconf 76' lang='lat' dir='ltr'>luno</span> <span class='ocrx_word' id='word_1_129' title='bbox 902 2661 1046 2730; x_wconf 75' lang='lat' dir='ltr'>iabores¹</span> 
     </span>
     <span class='ocr_line' id='line_1_21' title="bbox 208 2778 1001 2872; baseline 0.001 -25"><span class='ocrx_word' id='word_1_130' title='bbox 208 2778 400 2863; x_wconf 73' lang='lat' dir='ltr'>Hermione,</span> <span class='ocrx_word' id='word_1_131' title='bbox 417 2780 536 2872; x_wconf 75' lang='lat' dir='ltr'>Stygiis</span> <span class='ocrx_word' id='word_1_132' title='bbox 549 2793 583 2847; x_wconf 91' lang='lat' dir='ltr'>et</span> <span class='ocrx_word' id='word_1_133' title='bbox 598 2780 625 2847; x_wconf 79' lang='lat' dir='ltr'>ei</span> <span class='ocrx_word' id='word_1_134' title='bbox 639 2803 833 2848; x_wconf 90' lang='lat' dir='ltr'>ooncurrere</span> <span class='ocrx_word' id='word_1_135' title='bbox 848 2782 1001 2849; x_wconf 75' lang='lat' dir='ltr'>monstris</span> 
     </span>
    </p>

    <p class='ocr_par' dir='ltr' id='par_1_6' title="bbox 208 2896 1002 2991">
     <span class='ocr_line' id='line_1_22' title="bbox 208 2896 1002 2991; baseline 0.005 -28"><span class='ocrx_word' id='word_1_136' title='bbox 208 2899 288 2964; x_wconf 83' lang='lat' dir='ltr'>Fata</span> <span class='ocrx_word' id='word_1_137' title='bbox 303 2896 432 2982; x_wconf 79' lang='lat' dir='ltr'>darent,</span> <span class='ocrx_word' id='word_1_138' title='bbox 448 2898 476 2966; x_wconf 80' lang='lat' dir='ltr'>ei</span> <span class='ocrx_word' id='word_1_139' title='bbox 491 2900 640 2990; x_wconf 79' lang='lat' dir='ltr'>Cyaneos</span> <span class='ocrx_word' id='word_1_140' title='bbox 656 2923 808 2991; x_wconf 84' lang='lat' dir='ltr'>raperere</span> <span class='ocrx_word' id='word_1_141' title='bbox 824 2923 883 2991; x_wconf 89' lang='lat' dir='ltr'>per</span> <span class='ocrx_word' id='word_1_142' title='bbox 898 2913 1002 2967; x_wconf 58' lang='lat' dir='ltr'>metue</span> 
     </span>
    </p>

    <p class='ocr_par' dir='ltr' id='par_1_7' title="bbox 209 3013 1073 3346">
     <span class='ocr_line' id='line_1_23' title="bbox 209 3013 1000 3109; baseline 0.003 -27"><span class='ocrx_word' id='word_1_143' title='bbox 209 3018 303 3082; x_wconf 88' lang='lat' dir='ltr'>llnne</span> <span class='ocrx_word' id='word_1_144' title='bbox 321 3027 456 3107; x_wconf 85' lang='lat' dir='ltr'>propter</span> <span class='ocrx_word' id='word_1_145' title='bbox 466 3016 590 3106; x_wconf 85' lang='lat' dir='ltr'>justum</span> <span class='ocrx_word' id='word_1_146' title='bbox 603 3017 705 3084; x_wconf 80' lang='lat' dir='ltr'>Pisaea</span> <span class='ocrx_word' id='word_1_147' title='bbox 720 3013 791 3109; x_wconf 83' lang='lat' dir='ltr'>lege</span> <span class='ocrx_word' id='word_1_148' title='bbox 807 3031 1000 3086; x_wconf 91' lang='lat' dir='ltr'>trementem</span> 
     </span>
     <span class='ocr_line' id='line_1_24' title="bbox 210 3134 1073 3229; baseline 0.006 -28"><span class='ocrx_word' id='word_1_149' title='bbox 210 3136 367 3219; x_wconf 81' lang='lat' dir='ltr'>Currere,</span> <span class='ocrx_word' id='word_1_150' title='bbox 384 3147 418 3201; x_wconf 92' lang='lat' dir='ltr'>et</span> <span class='ocrx_word' id='word_1_151' title='bbox 431 3136 595 3203; x_wconf 82' lang='lat' dir='ltr'>OEnomai</span> <span class='ocrx_word' id='word_1_152' title='bbox 612 3134 758 3202; x_wconf 86' lang='lat' dir='ltr'>fremitus</span> <span class='ocrx_word' id='word_1_153' title='bbox 773 3135 886 3203; x_wconf 80' lang='lat' dir='ltr'>audire</span> <span class='ocrx_word' id='word_1_154' title='bbox 900 3138 1073 3229; x_wconf 71' lang='lat' dir='ltr'>sequentie</span> 
     </span>
     <span class='ocr_line' id='line_1_25' title="bbox 210 3252 906 3346; baseline 0.006 -28"><span class='ocrx_word' id='word_1_155' title='bbox 210 3252 281 3319; x_wconf 78' lang='lat' dir='ltr'>Nec</span> <span class='ocrx_word' id='word_1_156' title='bbox 295 3252 322 3318; x_wconf 88' lang='lat' dir='ltr'>si</span> <span class='ocrx_word' id='word_1_157' title='bbox 336 3252 502 3320; x_wconf 78' lang='lat' dir='ltr'>Dardania</span> <span class='ocrx_word' id='word_1_158' title='bbox 517 3267 627 3346; x_wconf 80' lang='lat' dir='ltr'>pastor</span> <span class='ocrx_word' id='word_1_159' title='bbox 644 3254 833 3321; x_wconf 80' lang='lat' dir='ltr'>temerarius</span> <span class='ocrx_word' id='word_1_160' title='bbox 847 3253 906 3322; x_wconf 83' lang='lat' dir='ltr'>Ida</span> 
     </span>
    </p>

    <p class='ocr_par' dir='ltr' id='par_1_8' title="bbox 211 3365 1127 3584">
     <span class='ocr_line' id='line_1_26' title="bbox 212 3365 1127 3465; baseline 0.004 -28"><span class='ocrx_word' id='word_1_161' title='bbox 212 3365 371 3454; x_wconf 77' lang='lat' dir='ltr'>Sediesee,</span> <span class='ocrx_word' id='word_1_162' title='bbox 387 3370 455 3438; x_wconf 78' lang='lat' dir='ltr'>haee</span> <span class='ocrx_word' id='word_1_163' title='bbox 469 3369 556 3438; x_wconf 90' lang='lat' dir='ltr'>dona</span> <span class='ocrx_word' id='word_1_164' title='bbox 570 3372 678 3440; x_wconf 86' lang='lat' dir='ltr'>forent</span> <span class='ocrx_word' id='word_1_165' title='bbox 693 3398 702 3439; x_wconf 90' lang='lat'><strong>:</strong></span> <span class='ocrx_word' id='word_1_166' title='bbox 720 3396 781 3440; x_wconf 87' lang='lat' dir='ltr'>nec</span> <span class='ocrx_word' id='word_1_167' title='bbox 796 3374 841 3440; x_wconf 80' lang='lat' dir='ltr'>sic</span> <span class='ocrx_word' id='word_1_168' title='bbox 857 3370 943 3440; x_wconf 81' lang='lat' dir='ltr'>alma</span> <span class='ocrx_word' id='word_1_169' title='bbox 958 3397 1017 3465; x_wconf 90' lang='lat' dir='ltr'>per</span> <span class='ocrx_word' id='word_1_170' title='bbox 1032 3397 1127 3441; x_wconf 80' lang='lat' dir='ltr'>auras</span> 
     </span>
     <span class='ocr_line' id='line_1_27' title="bbox 211 3488 929 3584; baseline 0.006 -31"><span class='ocrx_word' id='word_1_171' title='bbox 211 3489 258 3554; x_wconf 89' lang='lat' dir='ltr'>Te</span> <span class='ocrx_word' id='word_1_172' title='bbox 272 3488 381 3580; x_wconf 79' lang='lat' dir='ltr'>potine</span> <span class='ocrx_word' id='word_1_173' title='bbox 395 3511 513 3579; x_wconf 85' lang='lat' dir='ltr'>prensa</span> <span class='ocrx_word' id='word_1_174' title='bbox 528 3489 661 3557; x_wconf 84' lang='lat' dir='ltr'>veheret</span> <span class='ocrx_word' id='word_1_175' title='bbox 673 3490 827 3557; x_wconf 86' lang='lat' dir='ltr'>Tithonia</span> <span class='ocrx_word' id='word_1_176' title='bbox 844 3491 929 3584; x_wconf 81' lang='lat' dir='ltr'>biga.</span> 
     </span>
    </p>

    <p class='ocr_par' dir='ltr' id='par_1_9' title="bbox 215 3603 1080 3938">
     <span class='ocr_line' id='line_1_28' title="bbox 258 3603 1052 3702; baseline 0.005 -29"><span class='ocrx_word' id='word_1_177' title='bbox 258 3603 322 3673; x_wconf 88' lang='lat' dir='ltr'>Sed</span> <span class='ocrx_word' id='word_1_178' title='bbox 338 3629 410 3696; x_wconf 86' lang='lat' dir='ltr'>quae</span> <span class='ocrx_word' id='word_1_179' title='bbox 424 3628 520 3672; x_wconf 79' lang='lat' dir='ltr'>causa</span> <span class='ocrx_word' id='word_1_180' title='bbox 536 3619 624 3673; x_wconf 82' lang='lat' dir='ltr'>toros</span> <span class='ocrx_word' id='word_1_181' title='bbox 638 3607 838 3699; x_wconf 85' lang='lat' dir='ltr'>inopinaque</span> <span class='ocrx_word' id='word_1_182' title='bbox 852 3608 970 3702; x_wconf 82' lang='lat' dir='ltr'>gaudia</span> <span class='ocrx_word' id='word_1_183' title='bbox 985 3612 1052 3677; x_wconf 80' lang='lat' dir='ltr'>vati</span> 
     </span>
     <span class='ocr_line' id='line_1_29' title="bbox 215 3718 1080 3820; baseline 0.005 -29"><span class='ocrx_word' id='word_1_184' title='bbox 215 3718 350 3806; x_wconf 77' lang='lat' dir='ltr'>Attulit,</span> <span class='ocrx_word' id='word_1_185' title='bbox 366 3720 419 3789; x_wconf 91' lang='lat' dir='ltr'>hic</span> <span class='ocrx_word' id='word_1_186' title='bbox 433 3745 575 3807; x_wconf 87' lang='lat' dir='ltr'>mecum,</span> <span class='ocrx_word' id='word_1_187' title='bbox 591 3723 670 3791; x_wconf 89' lang='lat' dir='ltr'>dum</span> <span class='ocrx_word' id='word_1_188' title='bbox 688 3724 814 3793; x_wconf 87' lang='lat' dir='ltr'>fervent</span> <span class='ocrx_word' id='word_1_189' title='bbox 829 3728 958 3820; x_wconf 79' lang='lat' dir='ltr'>agmine</span> <span class='ocrx_word' id='word_1_190' title='bbox 974 3742 1080 3819; x_wconf 73' lang='lat' dir='ltr'>poetes</span> 
     </span>
     <span class='ocr_line' id='line_1_30' title="bbox 215 3838 996 3938; baseline 0.004 -29"><span class='ocrx_word' id='word_1_191' title='bbox 215 3839 394 3931; x_wconf 77' lang='lat' dir='ltr'>Atriaque,</span> <span class='ocrx_word' id='word_1_192' title='bbox 410 3853 441 3906; x_wconf 90' lang='lat' dir='ltr'>et</span> <span class='ocrx_word' id='word_1_193' title='bbox 456 3838 558 3907; x_wconf 88' lang='lat' dir='ltr'>multa</span> <span class='ocrx_word' id='word_1_194' title='bbox 574 3840 745 3933; x_wconf 83' lang='lat' dir='ltr'>pulsantur</span> <span class='ocrx_word' id='word_1_195' title='bbox 761 3842 874 3912; x_wconf 83' lang='lat' dir='ltr'>limina</span> <span class='ocrx_word' id='word_1_196' title='bbox 889 3847 996 3938; x_wconf 82' lang='lat' dir='ltr'>virga,</span> 
     </span>
    </p>

    <p class='ocr_par' dir='ltr' id='par_1_10' title="bbox 215 3956 1045 4053">
     <span class='ocr_line' id='line_1_31' title="bbox 215 3956 1045 4053; baseline 0.01 -30"><span class='ocrx_word' id='word_1_197' title='bbox 215 3957 289 4042; x_wconf 85' lang='lat' dir='ltr'>Hie,</span> <span class='ocrx_word' id='word_1_198' title='bbox 304 3960 403 4024; x_wconf 81' lang='lat' dir='ltr'>Erato</span> <span class='ocrx_word' id='word_1_199' title='bbox 416 3956 576 4048; x_wconf 80' lang='lat' dir='ltr'>jucunde,</span> <span class='ocrx_word' id='word_1_200' title='bbox 592 3957 672 4027; x_wconf 88' lang='lat' dir='ltr'>doce</span> <span class='ocrx_word' id='word_1_201' title='bbox 689 3986 696 4027; x_wconf 94' lang='lat'><strong>:</strong></span> <span class='ocrx_word' id='word_1_202' title='bbox 714 3975 806 4029; x_wconf 81' lang='lat' dir='ltr'>vacat</span> <span class='ocrx_word' id='word_1_203' title='bbox 823 3977 898 4053; x_wconf 83' lang='lat' dir='ltr'>epta</span> <span class='ocrx_word' id='word_1_204' title='bbox 914 3987 1045 4031; x_wconf 84' lang='lat' dir='ltr'>movere</span> 
     </span>
    </p>
   </div>
   <div class='ocr_carea' id='block_1_4' title="bbox 0 0 1446 5258">
    <p class='ocr_par' dir='ltr' id='par_1_11' title="bbox 0 0 1446 5258">
     <span class='ocr_line' id='line_1_32' title="bbox 0 0 1446 5258; baseline 0 0"><span class='ocrx_word' id='word_1_205' title='bbox 0 0 1446 5258; x_wconf 95' lang='lat' dir='ltr'> </span> 
     </span>
    </p>
   </div>
  </div>
 </body>
</html>
