2812 5258
329 486 384 522 220
623 465 835 520 rimmmos
855 465 964 519 einen
985 466 1038 518 111.
1259 468 1293 530 (v.
1305 470 1363 529 2³)

324 591 492 659 Fluctibus
513 592 614 658 Ioniis
634 591 781 660 Calabrae
801 588 898 656 datus
917 590 1041 656 arbiter
1062 587 1154 675 alno,

325 713 396 779 Nec
413 710 502 777 rudis
520 709 700 795 undarum,
717 724 833 803 portus
852 707 908 775 sed
927 707 1075 800 linquere
1090 708 1210 775 amicos

324 830 442 896 Purior
460 826 570 896 Olenii
590 829 711 897 frustra
728 829 849 921 gradus
870 825 1002 921 impulit
1021 829 1118 913 astri3

325 951 438 1036 Quum
459 948 569 1041 fragor
586 947 723 1040 hyberni
739 948 866 1015 subitus
880 948 988 1033 lovis,
1005 948 1116 1014 omnia
1132 948 1247 1016 mundi

325 1066 475 1137 Claustra
496 1081 631 1150 tonant,
650 1063 836 1158 multusque
856 1065 948 1159 polos
966 1063 1101 1133 inclinat
1118 1067 1241 1151 Orion3

324 1188 398 1278 Ipse
417 1185 549 1279 quidem
569 1183 680 1253 mallet
698 1200 819 1268 terras,
839 1198 1030 1278 pugnatque
1050 1185 1186 1270 reverti,

325 1308 402 1372 Fert
418 1306 532 1398 ingens
550 1330 568 1372 a
588 1329 698 1397 puppe
719 1304 849 1371 Notus:
868 1317 946 1371 tunc
964 1319 1034 1371 arte
1050 1301 1164 1371 relicta

325 1424 485 1516 Ingemit,
501 1438 534 1491 et
549 1448 648 1492 caecas
666 1424 814 1515 sequitur
827 1422 895 1514 jam
911 1424 1040 1490 nescius
1059 1421 1172 1489 undas.

324 1541 411 1613 Talis
430 1548 620 1634 Agenoreus
638 1542 770 1625 ductor,
788 1539 934 1633 coeloque
950 1555 1131 1609 morantem

326 1660 532 1747 Luciferum,
549 1675 583 1728 et
602 1685 691 1728 seros
708 1662 920 1727 moerentibus
938 1661 1086 1753 increpat
1104 1675 1209 1729 ortus.

374 1782 458 1847 Ecce
478 1780 538 1846 sub
559 1776 710 1846 occiduas
727 1801 828 1846 versae
842 1779 910 1870 jam
930 1780 1034 1847 noctis
1052 1780 1216 1869 habenas,

323 1903 562 1990 Astrornmque
578 1898 708 1984 obitus,
725 1898 781 1966 ubi
800 1899 942 1990 primum
959 1899 1097 1967 maxima
1117 1898 1243 1993 Tethys

326 2016 465 2112 Impulit
483 2022 551 2087 Eoo
566 2030 775 2086 cunctantem
795 2019 984 2110 Hyperiona
999 2034 1121 2110 ponto,

326 2140 396 2206 Ima
416 2135 602 2230 flagellatis,
619 2138 747 2230 signum
768 2135 907 2230 lugubre
922 2132 1105 2222 malorum,

324 2256 530 2325 Ponderibus
549 2255 725 2348 trepidavit
739 2255 880 2341 humus,
900 2270 1073 2348 motusque
1093 2255 1266 2327 Cithaemn

322 2376 484 2466 Antiquae
503 2374 593 2441 dedit
610 2376 656 2442 ire
671 2376 785 2442 nives:
805 2389 883 2442 tunc
898 2375 967 2442 visa
984 2372 1084 2442 levari

323 2492 494 2578 Culmina,
512 2506 715 2585 septenaque
728 2493 809 2585 jugo
829 2516 1026 2561 concurrere
1042 2506 1155 2586 portae.

370 2619 412 2682 Et
432 2638 534 2707 prope
550 2627 627 2681 sunt
646 2636 749 2680 cause
766 2637 773 2679 :
792 2610 900 2704 gelido
920 2612 1086 2681 remeabat
1101 2614 1174 2683 Eoo

325 2739 432 2803 Iratus
450 2734 542 2821 fatis,
561 2748 595 2801 et
616 2733 717 2802 tristis
733 2747 840 2800 morte
857 2746 974 2827 negata

323 2851 523 2921 Hemonides
538 2878 546 2918 t
564 2876 623 2920 nec
641 2851 721 2919 dum
740 2875 799 2918 ora
815 2865 947 2944 patent,
965 2852 1150 2945 dubiusque
1169 2855 1283 2925 nomi

324 2972 424 3065 Signa
445 2970 543 3039 dabat
563 2995 687 3064 magnae
707 2968 804 3063 longe
822 2970 993 3039 manifesta
1012 2973 1129 3059 ruinae,

322 3089 525 3183 Planctuque
541 3105 574 3158 et
589 3090 732 3183 gemitu:
748 3088 905 3182 lacrymas
923 3114 999 3158 nam
1015 3092 1166 3182 protinus
1185 3115 1303 3161 omnes

324 3210 467 3278 Fuderat
485 3237 492 3277 :
510 3210 597 3278 haud
613 3209 706 3278 aliter
726 3209 810 3277 saltu
831 3209 1011 3277 devertitur
1027 3209 1128 3278 orbus

321 3334 438 3399 Pastor
457 3328 497 3394 ab
517 3342 681 3421 agrestum
698 3342 858 3397 nocturna
874 3341 982 3420 strage
999 3326 1171 3420 luporum,

323 3448 425 3539 Cujus
443 3442 546 3513 herile
562 3471 663 3538 pecus
680 3446 768 3514 silvis
785 3447 938 3539 inopinus
956 3445 1066 3541 abegit

322 3566 446 3651 Imber,
466 3577 500 3632 et
517 3563 669 3655 hybemae
686 3576 822 3631 ventosa
834 3564 1003 3631 cacumina
1020 3568 1133 3634 Luuoe.

322 3689 414 3754 Luce
433 3697 547 3778 patent
564 3681 689 3750 cades:
710 3681 844 3748 domino
861 3679 1005 3774 pen‘erre
1024 3697 1171 3753 recentes

322 3807 396 3897 lpse
414 3804 505 3870 timet
523 3826 634 3885 casus,
652 3800 835 3891 haustaque
853 3798 1001 3870 informis
1017 3826 1114 3871 arena

322 3922 503 4011 Questibus
524 3918 637 4012 implet
655 3943 768 4013 agros,
789 3918 973 4013 stabulique
993 3920 1120 3990 silentia
1137 3928 1257 4020 magni

322 4041 419 4128 Odit,
437 4054 471 4109 et
487 4041 621 4109 amissos
637 4037 737 4133 longo
755 4040 820 4109 ciet
834 4039 950 4109 ordine
965 4056 1086 4111 tauros.
