2812 5258
346 430 401 485 ²3²
642 422 850 479 mertuos
870 419 981 475 Lmen
1001 419 1054 474 ΠΙ.
1262 418 1385 477 (nsit.)

345 560 388 623 Et
404 557 524 622 mixtus
542 552 691 644 lacrymis
709 548 810 618 caluit
830 547 946 616 dolor:
963 544 1117 615 omnibus
1137 542 1227 611 ultro

345 676 420 741 Nou
435 674 593 764 juvenum
610 669 729 755 modo,
745 669 802 737 sed
818 666 934 761 gelidis
949 682 982 733 et
997 663 1158 732 inertibus
1172 686 1246 731 aro

344 791 534 860 Pectoribus
550 813 643 856 mens
660 813 726 855 una
741 788 848 872 subit,
868 785 1005 854 viduare
1020 797 1171 876 penates,

344 911 512 977 Finitimas
530 909 686 976 adbibere
701 932 835 989 manus;
852 907 987 1000 jamque
1003 906 1061 971 ire.
1079 900 1144 969 Sed
1160 899 1251 967 altus

343 1028 496 1097 Consiliis
513 1043 617 1120 pater,
638 1029 830 1121 imperiique
848 1025 938 1093 haud
958 1024 1089 1091 flectere
1105 1018 1228 1089 molem

343 1149 495 1216 Inscius:
516 1176 533 1210 a
543 1150 609 1214 Ista
627 1145 759 1239 quidem
781 1147 916 1239 Superis
930 1167 1082 1235 curaeque
1098 1139 1265 1209 medenda

343 1266 514 1357 Linquite,
532 1290 658 1357 quaeso,
677 1290 780 1333 meae:
799 1279 911 1332 necte
930 1286 1106 1356 germanus
1126 1259 1236 1329 inulto

344 1388 482 1478 Sceptra
498 1399 590 1479 geret
607 1411 615 1451 z
632 1410 737 1477 neque
754 1409 812 1451 vos
827 1383 914 1451 avidi
934 1383 1127 1474 promittere
1142 1378 1284 1447 bellum.

342 1507 387 1573 At
404 1530 493 1573 nunc
511 1506 679 1599 egregium
699 1519 855 1596 tantoque
873 1504 907 1569 in
924 1502 1083 1594 sanguine
1096 1514 1260 1567 ovantem

342 1625 491 1714 Excipite
509 1623 682 1709 OEniden,
700 1625 891 1713 animosque
909 1637 941 1687 et
961 1636 1094 1714 pectora
1111 1616 1202 1687 laxet

343 1744 421 1809 Sera
436 1744 529 1833 quies
545 1768 554 1809 ε
572 1742 667 1809 nobis
687 1739 781 1809 dolor
799 1740 889 1809 haud
910 1741 1045 1807 rationis
1060 1739 1208 1832 egebit.»

389 1860 526 1929 Turbati
546 1859 711 1953 extemplo
729 1861 882 1946 comites,
902 1873 936 1925 et
955 1856 1075 1951 pallida
1091 1859 1241 1949 conjux,

342 1977 452 2071 Tydea
469 1980 595 2048 circum
614 2005 728 2048 omncs
745 1980 867 2047 fessum
886 1976 1029 2071 bellique
1045 1979 1172 2070 viaeque

342 2100 513 2191 Stipantur
532 2125 540 2166 :
558 2098 651 2168 laetus
668 2099 782 2167 mediis
799 2101 833 2166 in
851 2098 981 2167 sedibus
996 2097 1079 2167 aulae

342 2221 515 2306 Constitit,
531 2221 722 2314 ingentique
739 2234 893 2312 exceptus
912 2231 1002 2312 terga
1019 2216 1192 2305 columna,

341 2335 488 2406 Vulnera
505 2338 583 2406 dum
604 2337 745 2431 lymphis
763 2339 963 2430 Epidaurius
980 2336 1061 2406 eluit
1079 2336 1221 2424 Idmon,

342 2457 440 2524 Nunc
457 2454 550 2523 velox
570 2457 676 2541 serro,
693 2481 783 2524 nunc
802 2455 856 2523 ille
874 2458 1065 2550 potentibus
1083 2457 1198 2527 herbis

340 2575 475 2661 Miti0r;
493 2577 563 2669 ipse
581 2574 646 2643 alta
662 2575 815 2644 seductus
831 2591 940 2644 mente
957 2591 1105 2645 renarrat

341 2695 508 2787 Principia
524 2696 668 2783 irarum,
689 2721 825 2789 quaeque
845 2721 939 2764 orsus
957 2711 1096 2789 uterque
1118 2698 1282 2783 vicissim,

339 2815 424 2899 Quis
443 2811 534 2883 locus
553 2816 691 2902 insidiis,
710 2818 807 2883 tacito
825 2840 898 2909 quae
918 2830 1068 2910 tempora
1081 2814 1189 2902 bello,

339 2932 407 3019 Qui
424 2947 558 3017 contra,
577 2937 756 3027 quantique
774 2936 890 3022 duces,
907 2937 962 3003 ubi
982 2937 1144 3005 maximus
1160 2934 1211 3005 illi

340 3051 459 3139 Sudor,
475 3069 509 3122 et
529 3054 651 3124 indicio
669 3072 830 3124 servatum
847 3060 977 3125 Maeona
994 3058 1095 3141 tristi,

338 3175 503 3265 Exponit:
518 3177 571 3244 cui
590 3174 656 3244 fida
675 3201 805 3261 manus,
825 3202 1057 3269 proceresque,
1079 3202 1239 3271 socerque

338 3289 498 3384 Adstupet
515 3298 643 3380 oranti,
662 3298 845 3388 Tyriusque
861 3297 1049 3365 incenditur
1068 3297 1173 3367 exsul.

389 3408 537 3478 Solverat
552 3418 702 3507 Hesperii
720 3415 845 3485 devexo
863 3419 1010 3510 margine
1028 3420 1122 3511 ponti

338 3527 526 3624 Flagrantcs
542 3530 596 3599 Sol
614 3558 737 3625 pronus
754 3560 870 3628 equos,
888 3535 1086 3631 rutilamque
1104 3536 1241 3611 lavabat

339 3651 464 3718 Oceani
483 3650 544 3718 sub
560 3651 651 3719 sonte
667 3676 815 3738 comam,
831 3655 883 3722 cui
898 3656 993 3724 turba
1012 3658 1168 3752 probandi

337 3771 478 3856 Nereos,
497 3785 529 3839 et
545 3770 666 3864 rapidis
680 3788 858 3841 aecurrunt
877 3777 1026 3868 passibus
1045 3782 1157 3859 Horae;

336 3893 363 3957 F
364 3913 522 3981 reusque,
541 3907 573 3959 et
591 3906 714 3960 auratae
733 3908 859 3962 textum
877 3896 1016 3965 sublime
1035 3923 1166 3967 coronae

337 4010 536 4105 Deripiunt:
552 4010 663 4080 laxant
682 4014 783 4081 roseis
799 4014 969 4085 bumentia
986 4015 1063 4085 loris
