2812 5258
337 464 388 523 ida
692 459 720 511 Ρ.
743 458 865 512 PUBLII
885 457 1003 512 smil
1238 457 1272 518 (v.
1284 459 1355 522 230.)

334 581 493 648 Siccatam
512 579 679 664 membris
699 594 805 648 tantas
824 576 1008 647 venerabile
1023 601 1169 645 marmor

333 712 443 804 Spirat
459 735 537 804 opes
554 736 562 779 :
579 736 655 780 mox
675 712 710 779 in
725 712 829 779 varias
845 723 970 778 mutata
986 709 1117 776 novaris

332 843 478 937 Effigiem
496 844 559 911 hoc
574 867 636 911 aere
654 845 770 928 Ceres,
785 843 849 910 hoc
865 840 973 909 lucida
989 842 1126 925 Gnosis,

332 973 394 1042 Illo
414 976 501 1043 Maia
522 973 630 1060 tholo,
651 979 762 1044 Venus
781 974 845 1041 hoc
865 997 933 1041 non
954 971 1102 1064 improba
1122 997 1209 1041 saxo.

331 1108 506 1199 Accipiunt
525 1105 651 1190 vultus,
671 1105 760 1174 haud
779 1104 962 1198 indignata,
982 1103 1118 1171 decoros

332 1239 491 1321 Numina3
512 1237 723 1305 circumstant
743 1233 873 1321 famuli,
894 1249 1112 1326 consuetaque
1131 1233 1227 1302 turba

332 1367 504 1460 Obsequiis
525 1391 534 1435 t
555 1380 626 1436 turn
646 1369 709 1435 rite
729 1367 808 1471 tori,
829 1390 1012 1457 mensaeque
1032 1378 1191 1457 parantur

254 1490 262 1512 ⁸
331 1497 474 1568 Assiduae
491 1523 499 1566 ε
514 1498 631 1568 domus
647 1500 722 1584 ista,
739 1498 871 1583 domus3
892 1498 966 1589 quis
983 1497 1074 1563 triste
1092 1493 1280 1587 sepulcrum

331 1629 476 1697 Dixerit?
495 1633 564 1697 Hac
583 1630 701 1697 merito
721 1630 791 1696 visa
809 1629 928 1721 pietate
948 1627 1057 1694 mariti

330 1763 490 1829 Protenus
507 1757 680 1842 exclames,
695 1761 754 1826 Est
773 1758 840 1845 hic,
858 1780 1016 1850 agnosco,
1036 1757 1184 1825 minister

330 1887 436 1971 Illius,
453 1904 580 1959 aeternae
599 1889 698 1959 modo
718 1891 774 1982 qui
794 1889 933 1958 sacraria
953 1891 1042 1982 genti

331 2019 501 2107 Condidit,
524 2023 624 2114 inque
643 2019 709 2090 alio
728 2021 839 2113 posuit
856 2044 915 2088 sua
933 2018 1039 2089 sidera
1059 2018 1159 2089 coelc!

377 2155 500 2222 Sicubi
518 2177 635 2248 magna
651 2176 774 2223 novum
791 2152 912 2221 Phario
929 2150 969 2219 de
986 2149 1082 2219 litore
1099 2153 1218 2244 puppis

329 2282 432 2354 Solvit
450 2287 526 2372 iter,
544 2286 677 2377 jamque
697 2286 884 2353 innumeros
905 2283 1058 2375 utrinque
1079 2281 1231 2351 rudentes

329 2418 475 2509 Lataque
490 2413 614 2484 veliferi
631 2416 777 2508 porrexit
792 2415 925 2483 brachia
941 2411 1018 2483 mali

329 2546 514 2640 Invasitque
534 2545 617 2631 vias,
635 2546 669 2612 in
687 2545 803 2614 eodem
821 2559 958 2638 angusta
977 2542 1128 2638 phaselus

329 2680 484 2771 AEquore,
500 2692 533 2746 et
549 2677 700 2745 immensi
717 2689 843 2769 partem
862 2676 923 2744 sibi
940 2676 1091 2746 vendicat
1107 2679 1228 2746 Austri.

376 2807 466 2898 Quid
485 2832 574 2876 nunc
596 2807 802 2894 immodicos,
819 2809 978 2902 juvenum
1000 2807 1185 2895 lectissime,
1204 2809 1301 2879 lletus

328 2941 436 3009 Corde
457 2940 561 3025 foves,
580 2938 781 3034 longumque
801 2955 891 3010 vetas
909 2941 996 3009 exire
1016 2935 1183 3010 dolorem?

329 3074 455 3164 Nempe
471 3072 580 3158 times,
596 3095 638 3139 ne
656 3072 835 3141 Cerbereos
853 3070 1000 3140 Priscilla
1020 3074 1186 3141 tremiscat

327 3203 498 3272 Latratus?
511 3217 597 3273 tacet
610 3201 665 3272 ille
682 3205 742 3297 piis
758 3229 766 3272 ε
784 3228 826 3272 ne
842 3202 967 3272 tardior
983 3202 1066 3271 adsit

327 3334 462 3437 Navita,
478 3337 714 3429 proturbetque
730 3335 839 3405 vadis?
856 3335 945 3403 vehit
961 3332 1015 3401 ille
1034 3350 1193 3404 merentes

327 3469 503 3551 Protenus,
519 3478 551 3532 et
566 3468 681 3534 Manes
697 3464 841 3558 placidos
858 3463 945 3534 locat
961 3464 1091 3556 hospite
1105 3467 1187 3559 ripn.

248 3642 250 3647 <
326 3602 501 3681 Praeterea,
522 3598 549 3664 si
568 3595 700 3688 quando
715 3599 771 3689 pio
791 3596 922 3665 laudata
941 3598 1060 3664 marito

325 3726 452 3796 Umbra
468 3727 572 3813 venit,
586 3725 681 3818 jubet
696 3726 744 3793 ire
761 3726 844 3795 faces
859 3730 1056 3821 Proserpina
1072 3728 1175 3812 laetas,

326 3863 540 3952 Egressasque
560 3858 658 3924 sacris
678 3871 803 3925 veteres
823 3860 981 3927 Heroidas
1002 3861 1104 3928 antris

325 3989 465 4060 Lumine
480 4011 647 4080 purpureo
665 3989 773 4057 tristes
789 3992 917 4083 aperire
933 3991 1098 4081 tenebras,
