2812 5258
233 460 270 527 μ.
590 445 619 499 r.
640 444 761 498 romu
780 440 902 514 srarn
1166 457 1200 509 (,.
1212 455 1267 509 ψ.)

233 579 331 643 Hunc
347 595 407 638 nec
428 593 510 637 saeva
527 570 599 634 viro
618 567 776 659 potuisset
792 588 926 657 carpere
945 567 1087 650 Procne,

234 692 303 759 Nec
319 689 387 756 sera
405 684 553 754 crudeles
569 682 702 753 Colchis
718 682 866 751 durasset
881 683 916 750 iu
934 682 1014 770 iras,

195 794 198 801 ¹
232 807 349 876 Editus
367 803 471 873 AEolia
488 829 548 871 uec
566 804 593 870 si
610 802 694 869 foret
713 803 773 869 iste
790 803 930 888 Creusa;

233 929 359 994 Torvus
379 924 419 991 ab
438 924 501 991 hoc
521 923 678 990 Athamas
694 921 825 989 insanos
842 919 988 988 flecteret
1004 943 1109 988 arcus

235 1046 346 1126 Hunc,
362 1063 550 1133 quanquam
566 1044 743 1108 Hectoreos
757 1038 882 1105 cineres
895 1039 1095 1130 Trojamque
1108 1062 1265 1132 perusus,

234 1159 394 1228 Turribus
410 1183 428 1224 c
445 1158 594 1250 Phrygiis
612 1157 719 1224 llesset
734 1156 891 1223 missurus
907 1152 1029 1223 Ulixes.

282 1278 426 1369 Septima
443 1275 498 1344 lux
515 1301 523 1341 :
544 1288 576 1341 et
591 1276 660 1366 jam
680 1274 833 1367 frigentia
849 1272 974 1340 lumina
991 1286 1146 1367 torpent,

235 1402 308 1466 Jam
324 1391 494 1487 complexa
509 1416 610 1460 mauu
627 1392 752 1459 crinem
771 1404 859 1459 tenet
876 1390 981 1459 infera
997 1395 1095 1460 luno.

235 1511 297 1581 lllc
314 1527 444 1595 umen,
460 1512 571 1578 Parcis
587 1507 718 1601 fragiles
733 1508 925 1601 urgentibus
941 1532 1066 1591 anuos,

236 1633 282 1698 Te
297 1629 393 1696 vultu
408 1628 569 1696 moriente
585 1626 690 1709 videt,
707 1623 886 1718 linguaque
904 1625 1040 1694 cadente

236 1747 425 1814 Murmurat
445 1771 453 1812 :
473 1746 508 1811 in
525 1758 557 1811 te
572 1767 686 1812 omues
701 1745 796 1811 vacui
809 1746 877 1836 jam
898 1745 1038 1836 pectoris
1054 1743 1144 1813 efflat

236 1861 417 1953 Belliquias
435 1887 443 1928 ε
462 1859 568 1930 solum
584 1862 752 1947 meminit,
769 1858 940 1952 solumque
959 1875 1132 1930 vocantem

236 1979 393 2064 Exaudit,
413 1980 537 2072 tibique
554 2004 613 2047 ora
630 1993 753 2064 movet,
775 1979 834 2046 tibi
851 1979 951 2046 verba
966 1977 1137 2072 relinquit,

237 2101 280 2167 Et
296 2097 450 2191 probibet
464 2100 618 2193 gemitus,
636 2096 889 2189 consolaturque
908 2097 1082 2166 dolentem.
1142 2134 1150 2149 ·

237 2217 379 2284 Gratum
395 2230 456 2301 est,
474 2215 557 2300 sata,
575 2228 703 2302 tamen,
720 2216 809 2308 quod
828 2241 894 2282 non
914 2239 1003 2283 mors
1023 2213 1113 2283 lenta
1127 2216 1266 2309 jacentis

238 2331 355 2401 Exedit
372 2331 626 2424 pueriledecus,
642 2358 819 2424 manesque
837 2334 958 2401 subivit

238 2452 380 2541 Integer,
397 2464 430 2515 et
446 2446 538 2515 nullo
559 2463 733 2516 temeratus
751 2474 889 2544 corpora
906 2450 1028 2519 damno
1047 2477 1055 2517 ε

239 2564 355 2654 Qualis
371 2563 455 2633 erat!
473 2564 564 2653 Quid
580 2592 640 2659 ego
661 2570 843 2660 exsequias,
861 2583 894 2637 et
909 2569 1046 2663 prodiga
1060 2568 1202 2637 flammis

239 2685 335 2750 Dona
351 2680 480 2775 loquar,
498 2697 677 2775 moestoque
693 2685 841 2753 ardentia
858 2687 973 2755 lunera
991 2686 1092 2756 luxu?

238 2799 340 2888 Quod
356 2801 415 2868 tibi
432 2825 600 2894 purpureo
618 2804 716 2870 tristis
734 2828 832 2896 rogus
848 2829 965 2899 aggere
982 2808 1084 2875 crevit
1101 2832 1111 2875 a
1161 2834 1170 2849 ·

238 2916 340 3006 Quod
356 2915 497 2986 Cilicum
514 2918 626 3005 flores,
642 2920 731 3012 quod
746 2945 883 2989 munera
898 2925 1053 3015 graminis
1068 2923 1160 3007 Indi,

240 3032 403 3125 Quodque
420 3034 558 3122 Arabes,
574 3037 765 3128 Phariique,
780 3037 1006 3131 Palaestiuique
1023 3039 1168 3134 liquores

241 3152 400 3219 Arsuram
416 3150 525 3221 lavere
540 3178 678 3221 comam.
697 3157 798 3250 Cupit
814 3158 926 3223 omnia
942 3156 1027 3247 serre

241 3268 417 3362 Prodigus,
435 3284 468 3339 et
485 3284 569 3339 totos
586 3270 706 3340 Melior
721 3271 916 3342 succendere
934 3299 1064 3358 census,

242 3389 394 3454 Desertas
411 3412 525 3456 exosus
541 3413 634 3481 opes;
650 3388 706 3479 sed
726 3414 793 3457 non
809 3392 896 3483 capit
912 3392 996 3485 ignis

242 3502 396 3590 Invidus,
411 3517 509 3596 atque
526 3521 622 3574 arctae
638 3507 756 3575 desunt
772 3509 806 3576 iu
823 3534 960 3578 munera
976 3510 1123 3582 llammae.

243 3620 370 3686 Horror
384 3619 483 3688 habet
498 3646 610 3689 sensus
626 3647 634 3689 :
653 3623 783 3715 qualem
803 3640 834 3694 te
853 3627 967 3697 sunere
984 3653 1130 3716 summo,

244 3737 352 3828 Atque
370 3761 488 3831 rogum
501 3741 613 3831 juxta,
630 3740 751 3810 Melior
765 3742 981 3836 placidissime
997 3745 1182 3838 quondam,

244 3851 402 3921 Extimuil
420 3868 499 3923 tune
514 3855 569 3924 illc
585 3856 711 3945 hilaris,
729 3861 895 3951 comisque
910 3861 1038 3931 videri?

245 3970 342 4039 Unde
360 3972 475 4058 animi,
494 3998 646 4065 saevaeque
664 4001 799 4061 manus,
815 3991 847 4044 et
863 3978 1019 4048 barbarus
1035 3981 1181 4050 horror?
