<?xml version="1.0" encoding="UTF-8"?>
<!DOCTYPE html PUBLIC "-//W3C//DTD XHTML 1.0 Transitional//EN"
    "http://www.w3.org/TR/xhtml1/DTD/xhtml1-transitional.dtd">
<html xmlns="http://www.w3.org/1999/xhtml" xml:lang="en" lang="en">
 <head>
  <title>
</title>
<meta http-equiv="Content-Type" content="text/html;charset=utf-8" />
  <meta name='ocr-system' content='tesseract 3.04.00' />
  <meta name='ocr-capabilities' content='ocr_page ocr_carea ocr_par ocr_line ocrx_word'/>
</head>
<body>
  <div class='ocr_page' id='page_1' title='image "./publiipapiniist01statgoog_0465.png"; bbox 0 0 2812 5258; ppageno 0'>
   <div class='ocr_carea' id='block_1_1' title="bbox 540 433 1280 498">
    <p class='ocr_par' dir='ltr' id='par_1_1' title="bbox 540 433 1280 498">
     <span class='ocr_line' id='line_1_1' title="bbox 540 433 1280 498; baseline 0.008 -6"><span class='ocrx_word' id='word_1_1' title='bbox 540 436 754 492; x_wconf 70' lang='lat' dir='ltr'>niteamus</span> <span class='ocrx_word' id='word_1_2' title='bbox 773 434 887 490; x_wconf 73' lang='lat' dir='ltr'>mea</span> <span class='ocrx_word' id='word_1_3' title='bbox 901 434 952 489; x_wconf 64' lang='lat' dir='ltr'>lx</span> <span class='ocrx_word' id='word_1_4' title='bbox 1163 433 1198 496; x_wconf 84' lang='lat' dir='ltr'>l&#39;·</span> <span class='ocrx_word' id='word_1_5' title='bbox 1208 436 1280 498; x_wconf 68' lang='grc'>835-)</span> 
     </span>
    </p>
   </div>
   <div class='ocr_carea' id='block_1_2' title="bbox 231 559 1231 3914">
    <p class='ocr_par' dir='ltr' id='par_1_2' title="bbox 236 559 1218 899">
     <span class='ocr_line' id='line_1_2' title="bbox 236 559 1155 660; baseline -0.009 -24"><span class='ocrx_word' id='word_1_6' title='bbox 236 573 392 660; x_wconf 85' lang='lat' dir='ltr'>Increpat</span> <span class='ocrx_word' id='word_1_7' title='bbox 409 566 563 632; x_wconf 84' lang='lat' dir='ltr'>assistens</span> <span class='ocrx_word' id='word_1_8' title='bbox 582 588 591 630; x_wconf 76' lang='grc' dir='ltr'><strong><em>ε</em></strong></span> <span class='ocrx_word' id='word_1_9' title='bbox 610 564 712 630; x_wconf 79' lang='lat' dir='ltr'>«Nou</span> <span class='ocrx_word' id='word_1_10' title='bbox 732 563 803 631; x_wconf 75' lang='lat' dir='ltr'>bet</span> <span class='ocrx_word' id='word_1_11' title='bbox 819 561 879 630; x_wconf 88' lang='lat' dir='ltr'>tibi</span> <span class='ocrx_word' id='word_1_12' title='bbox 896 559 1011 655; x_wconf 82' lang='lat' dir='ltr'>proelia</span> <span class='ocrx_word' id='word_1_13' title='bbox 1030 562 1155 628; x_wconf 82' lang='lat' dir='ltr'>Dirum</span> 
     </span>
     <span class='ocr_line' id='line_1_3' title="bbox 237 682 1218 782; baseline -0.009 -24"><span class='ocrx_word' id='word_1_14' title='bbox 237 694 304 758; x_wconf 84' lang='lat' dir='ltr'>Dat</span> <span class='ocrx_word' id='word_1_15' title='bbox 324 703 436 782; x_wconf 88' lang='lat' dir='ltr'>pater:</span> <span class='ocrx_word' id='word_1_16' title='bbox 449 685 641 754; x_wconf 75' lang='lat' dir='ltr'>annisum</span> <span class='ocrx_word' id='word_1_17' title='bbox 660 686 694 752; x_wconf 88' lang='lat' dir='ltr'>ni</span> <span class='ocrx_word' id='word_1_18' title='bbox 716 686 869 778; x_wconf 83' lang='lat' dir='ltr'>protinus</span> <span class='ocrx_word' id='word_1_19' title='bbox 887 682 1039 776; x_wconf 81' lang='lat' dir='ltr'>improba</span> <span class='ocrx_word' id='word_1_20' title='bbox 1059 705 1218 775; x_wconf 76' lang='lat' dir='ltr'>campum</span> 
     </span>
     <span class='ocr_line' id='line_1_4' title="bbox 239 801 1182 899; baseline -0.013 -21"><span class='ocrx_word' id='word_1_21' title='bbox 239 813 391 895; x_wconf 76' lang='lat' dir='ltr'>Deseris,</span> <span class='ocrx_word' id='word_1_22' title='bbox 406 808 485 876; x_wconf 89' lang='lat' dir='ltr'>huic</span> <span class='ocrx_word' id='word_1_23' title='bbox 502 831 632 899; x_wconf 75' lang='lat' dir='ltr'>mquam</span> <span class='ocrx_word' id='word_1_24' title='bbox 649 829 767 874; x_wconf 82' lang='lat' dir='ltr'>nosces</span> <span class='ocrx_word' id='word_1_25' title='bbox 784 829 846 873; x_wconf 87' lang='lat' dir='ltr'>nec</span> <span class='ocrx_word' id='word_1_26' title='bbox 862 802 998 873; x_wconf 80' lang='lat' dir='ltr'>Pallada</span> <span class='ocrx_word' id='word_1_27' title='bbox 1015 801 1150 871; x_wconf 71' lang='lat' dir='ltr'>dextre.</span> <span class='ocrx_word' id='word_1_28' title='bbox 1164 833 1182 864; x_wconf 77' lang='grc' dir='ltr'><strong>ι</strong></span> 
     </span>
    </p>

    <p class='ocr_par' dir='ltr' id='par_1_3' title="bbox 237 925 1227 1265">
     <span class='ocr_line' id='line_1_5' title="bbox 288 925 1227 1020; baseline -0.005 -24"><span class='ocrx_word' id='word_1_29' title='bbox 288 928 381 1017; x_wconf 89' lang='lat' dir='ltr'>Quid</span> <span class='ocrx_word' id='word_1_30' title='bbox 399 928 498 996; x_wconf 81' lang='lat' dir='ltr'>saciat</span> <span class='ocrx_word' id='word_1_31' title='bbox 515 926 657 996; x_wconf 70' lang='lat' dir='ltr'>coum?</span> <span class='ocrx_word' id='word_1_32' title='bbox 673 927 795 1020; x_wconf 76' lang='lat' dir='ltr'>prunit</span> <span class='ocrx_word' id='word_1_33' title='bbox 810 925 892 993; x_wconf 74' lang='lat' dir='ltr'>lu&#39;nc</span> <span class='ocrx_word' id='word_1_34' title='bbox 911 925 1080 993; x_wconf 76' lang='lat' dir='ltr'>Mavortia</span> <span class='ocrx_word' id='word_1_35' title='bbox 1096 926 1227 1016; x_wconf 83' lang='lat' dir='ltr'>cuspis;</span> 
     </span>
     <span class='ocr_line' id='line_1_6' title="bbox 238 1045 1132 1144; baseline -0.007 -26"><span class='ocrx_word' id='word_1_36' title='bbox 238 1053 324 1118; x_wconf 85' lang='lat' dir='ltr'>Hinc</span> <span class='ocrx_word' id='word_1_37' title='bbox 340 1048 446 1144; x_wconf 73' lang='lat' dir='ltr'>plenae</span> <span class='ocrx_word' id='word_1_38' title='bbox 463 1049 544 1135; x_wconf 86' lang='lat' dir='ltr'>tibi,</span> <span class='ocrx_word' id='word_1_39' title='bbox 561 1073 682 1143; x_wconf 82' lang='lat' dir='ltr'>parre,</span> <span class='ocrx_word' id='word_1_40' title='bbox 699 1045 807 1130; x_wconf 78' lang='lat' dir='ltr'>colus3</span> <span class='ocrx_word' id='word_1_41' title='bbox 823 1047 915 1117; x_wconf 83' lang='lat' dir='ltr'>Joris</span> <span class='ocrx_word' id='word_1_42' title='bbox 931 1045 1010 1115; x_wconf 89' lang='lat' dir='ltr'>inde</span> <span class='ocrx_word' id='word_1_43' title='bbox 1026 1047 1132 1114; x_wconf 87' lang='lat' dir='ltr'>severi</span> 
     </span>
     <span class='ocr_line' id='line_1_7' title="bbox 237 1167 1034 1265; baseline -0.004 -27"><span class='ocrx_word' id='word_1_44' title='bbox 237 1170 377 1257; x_wconf 88' lang='lat' dir='ltr'>Vultus;</span> <span class='ocrx_word' id='word_1_45' title='bbox 394 1171 465 1239; x_wconf 90' lang='lat' dir='ltr'>abit</span> <span class='ocrx_word' id='word_1_46' title='bbox 482 1169 554 1239; x_wconf 88' lang='lat' dir='ltr'>solo</span> <span class='ocrx_word' id='word_1_47' title='bbox 571 1184 648 1265; x_wconf 84' lang='lat' dir='ltr'>post</span> <span class='ocrx_word' id='word_1_48' title='bbox 662 1170 735 1238; x_wconf 72' lang='lat' dir='ltr'>bec</span> <span class='ocrx_word' id='word_1_49' title='bbox 751 1168 880 1238; x_wconf 80' lang='lat' dir='ltr'>devicta</span> <span class='ocrx_word' id='word_1_50' title='bbox 896 1167 1034 1263; x_wconf 83' lang='lat' dir='ltr'>pudore.</span> 
     </span>
    </p>

    <p class='ocr_par' dir='ltr' id='par_1_4' title="bbox 235 1284 1231 2235">
     <span class='ocr_line' id='line_1_8' title="bbox 286 1284 1103 1386; baseline -0.007 -25"><span class='ocrx_word' id='word_1_51' title='bbox 286 1295 330 1361; x_wconf 78' lang='lat' dir='ltr'>At</span> <span class='ocrx_word' id='word_1_52' title='bbox 344 1308 438 1386; x_wconf 84' lang='lat' dir='ltr'>pater</span> <span class='ocrx_word' id='word_1_53' title='bbox 452 1293 600 1386; x_wconf 83' lang='lat' dir='ltr'>Ogygias</span> <span class='ocrx_word' id='word_1_54' title='bbox 617 1294 756 1360; x_wconf 84' lang='lat' dir='ltr'>Mavors</span> <span class='ocrx_word' id='word_1_55' title='bbox 772 1289 999 1383; x_wconf 76' lang='lat' dir='ltr'>circumspicit</span> <span class='ocrx_word' id='word_1_56' title='bbox 1015 1284 1103 1372; x_wconf 81' lang='lat' dir='ltr'>alas,</span> 
     </span>
     <span class='ocr_line' id='line_1_9' title="bbox 239 1410 1231 1506; baseline -0.004 -25"><span class='ocrx_word' id='word_1_57' title='bbox 239 1413 518 1506; x_wconf 85' lang='lat' dir='ltr'>llorrendumque</span> <span class='ocrx_word' id='word_1_58' title='bbox 535 1415 684 1504; x_wconf 78' lang='lat' dir='ltr'>Dryanta</span> <span class='ocrx_word' id='word_1_59' title='bbox 700 1427 831 1498; x_wconf 86' lang='lat' dir='ltr'>movet,</span> <span class='ocrx_word' id='word_1_60' title='bbox 849 1413 903 1480; x_wconf 91' lang='lat' dir='ltr'>cui</span> <span class='ocrx_word' id='word_1_61' title='bbox 923 1410 1093 1504; x_wconf 80' lang='lat' dir='ltr'>sanguinis</span> <span class='ocrx_word' id='word_1_62' title='bbox 1110 1423 1231 1477; x_wconf 83' lang='lat' dir='ltr'>auctor</span> 
     </span>
     <span class='ocr_line' id='line_1_10' title="bbox 238 1531 1041 1624; baseline -0.007 -22"><span class='ocrx_word' id='word_1_63' title='bbox 238 1532 407 1602; x_wconf 74' lang='lat' dir='ltr'>Turbidus</span> <span class='ocrx_word' id='word_1_64' title='bbox 423 1534 549 1617; x_wconf 89' lang='lat' dir='ltr'>Orion,</span> <span class='ocrx_word' id='word_1_65' title='bbox 569 1533 773 1624; x_wconf 81' lang='lat' dir='ltr'>comitesque</span> <span class='ocrx_word' id='word_1_66' title='bbox 789 1531 898 1600; x_wconf 84' lang='lat' dir='ltr'>odisse</span> <span class='ocrx_word' id='word_1_67' title='bbox 914 1532 1041 1600; x_wconf 85' lang='lat' dir='ltr'>Dianae.</span> 
     </span>
     <span class='ocr_line' id='line_1_11' title="bbox 237 1652 1073 1747; baseline 0.001 -26"><span class='ocrx_word' id='word_1_68' title='bbox 237 1653 320 1721; x_wconf 89' lang='lat' dir='ltr'>lnde</span> <span class='ocrx_word' id='word_1_69' title='bbox 336 1653 418 1722; x_wconf 83' lang='lat' dir='ltr'>furit</span> <span class='ocrx_word' id='word_1_70' title='bbox 434 1654 602 1747; x_wconf 87' lang='lat' dir='ltr'>primum:</span> <span class='ocrx_word' id='word_1_71' title='bbox 621 1653 676 1721; x_wconf 90' lang='lat' dir='ltr'>hic</span> <span class='ocrx_word' id='word_1_72' title='bbox 693 1652 844 1721; x_wconf 83' lang='lat' dir='ltr'>turbatos</span> <span class='ocrx_word' id='word_1_73' title='bbox 859 1654 975 1746; x_wconf 83' lang='lat' dir='ltr'>arripit</span> <span class='ocrx_word' id='word_1_74' title='bbox 994 1679 1073 1722; x_wconf 88' lang='lat' dir='ltr'>ense</span> 
     </span>
     <span class='ocr_line' id='line_1_12' title="bbox 236 1771 1163 1870; baseline 0.002 -29"><span class='ocrx_word' id='word_1_75' title='bbox 236 1774 400 1861; x_wconf 82' lang='lat' dir='ltr'>Arcadas,</span> <span class='ocrx_word' id='word_1_76' title='bbox 417 1789 629 1867; x_wconf 76' lang='lat' dir='ltr'>exarmatque</span> <span class='ocrx_word' id='word_1_77' title='bbox 642 1771 764 1868; x_wconf 65' lang='lat' dir='ltr'>tlucem</span> <span class='ocrx_word' id='word_1_78' title='bbox 782 1800 789 1840; x_wconf 78' lang='grc' dir='ltr'><strong>ε</strong></span> <span class='ocrx_word' id='word_1_79' title='bbox 809 1773 898 1845; x_wconf 83' lang='lat' dir='ltr'>cadit</span> <span class='ocrx_word' id='word_1_80' title='bbox 914 1777 1046 1870; x_wconf 77' lang='lat' dir='ltr'>agmine</span> <span class='ocrx_word' id='word_1_81' title='bbox 1061 1773 1163 1868; x_wconf 86' lang='lat' dir='ltr'>longo</span> 
     </span>
     <span class='ocr_line' id='line_1_13' title="bbox 236 1892 1110 1991; baseline 0.002 -28"><span class='ocrx_word' id='word_1_82' title='bbox 236 1892 391 1988; x_wconf 89' lang='lat' dir='ltr'>Cyllenes</span> <span class='ocrx_word' id='word_1_83' title='bbox 408 1893 570 1990; x_wconf 89' lang='lat' dir='ltr'>populus,</span> <span class='ocrx_word' id='word_1_84' title='bbox 589 1898 781 1991; x_wconf 78' lang='lat' dir='ltr'>Tegeesque</span> <span class='ocrx_word' id='word_1_85' title='bbox 800 1895 966 1964; x_wconf 87' lang='lat' dir='ltr'>habitator</span> <span class='ocrx_word' id='word_1_86' title='bbox 983 1921 1110 1990; x_wconf 80' lang='lat' dir='ltr'>opacae,</span> 
     </span>
     <span class='ocr_line' id='line_1_14' title="bbox 238 2015 1124 2112; baseline 0.002 -29"><span class='ocrx_word' id='word_1_87' title='bbox 238 2016 419 2109; x_wconf 85' lang='lat' dir='ltr'>AEpitiique</span> <span class='ocrx_word' id='word_1_88' title='bbox 437 2015 536 2086; x_wconf 85' lang='lat' dir='ltr'>duces</span> <span class='ocrx_word' id='word_1_89' title='bbox 552 2015 703 2112; x_wconf 81' lang='lat' dir='ltr'>fugiunt,</span> <span class='ocrx_word' id='word_1_90' title='bbox 722 2017 914 2112; x_wconf 81' lang='lat' dir='ltr'>Pheneique</span> <span class='ocrx_word' id='word_1_91' title='bbox 931 2015 1124 2112; x_wconf 81' lang='lat' dir='ltr'>phalanges.</span> 
     </span>
     <span class='ocr_line' id='line_1_15' title="bbox 235 2136 1107 2235; baseline 0.005 -33"><span class='ocrx_word' id='word_1_92' title='bbox 235 2136 349 2228; x_wconf 86' lang='lat' dir='ltr'>Ipsum</span> <span class='ocrx_word' id='word_1_93' title='bbox 368 2152 479 2206; x_wconf 90' lang='lat' dir='ltr'>autem</span> <span class='ocrx_word' id='word_1_94' title='bbox 497 2152 531 2208; x_wconf 90' lang='lat' dir='ltr'>et</span> <span class='ocrx_word' id='word_1_95' title='bbox 549 2137 634 2207; x_wconf 87' lang='lat' dir='ltr'>lassa</span> <span class='ocrx_word' id='word_1_96' title='bbox 652 2138 724 2207; x_wconf 85' lang='lat' dir='ltr'>fidit</span> <span class='ocrx_word' id='word_1_97' title='bbox 742 2154 954 2235; x_wconf 86' lang='lat' dir='ltr'>prosternere</span> <span class='ocrx_word' id='word_1_98' title='bbox 973 2137 1107 2222; x_wconf 80' lang='lat' dir='ltr'>dextra,</span> 
     </span>
    </p>

    <p class='ocr_par' dir='ltr' id='par_1_5' title="bbox 235 2255 1179 2471">
     <span class='ocr_line' id='line_1_16' title="bbox 237 2255 1179 2350; baseline 0.002 -29"><span class='ocrx_word' id='word_1_99' title='bbox 237 2256 308 2323; x_wconf 87' lang='lat' dir='ltr'>Nec</span> <span class='ocrx_word' id='word_1_100' title='bbox 324 2271 433 2324; x_wconf 83' lang='lat' dir='ltr'>servat</span> <span class='ocrx_word' id='word_1_101' title='bbox 449 2259 535 2326; x_wconf 84' lang='lat' dir='ltr'>vires</span> <span class='ocrx_word' id='word_1_102' title='bbox 555 2284 563 2325; x_wconf 93' lang='lat'>:</span> <span class='ocrx_word' id='word_1_103' title='bbox 584 2261 705 2327; x_wconf 88' lang='lat' dir='ltr'>etenim</span> <span class='ocrx_word' id='word_1_104' title='bbox 722 2259 788 2326; x_wconf 90' lang='lat' dir='ltr'>buc</span> <span class='ocrx_word' id='word_1_105' title='bbox 803 2260 874 2350; x_wconf 84' lang='lat' dir='ltr'>jam</span> <span class='ocrx_word' id='word_1_106' title='bbox 891 2259 1013 2344; x_wconf 83' lang='lat' dir='ltr'>sessus,</span> <span class='ocrx_word' id='word_1_107' title='bbox 1032 2272 1065 2324; x_wconf 91' lang='lat' dir='ltr'>et</span> <span class='ocrx_word' id='word_1_108' title='bbox 1082 2255 1179 2341; x_wconf 92' lang='lat' dir='ltr'>illuc,</span> 
     </span>
     <span class='ocr_line' id='line_1_17' title="bbox 235 2375 979 2471; baseline 0.001 -27"><span class='ocrx_word' id='word_1_109' title='bbox 235 2375 390 2444; x_wconf 87' lang='lat' dir='ltr'>Mutabat</span> <span class='ocrx_word' id='word_1_110' title='bbox 405 2390 530 2444; x_wconf 85' lang='lat' dir='ltr'>tunnas</span> <span class='ocrx_word' id='word_1_111' title='bbox 548 2403 555 2443; x_wconf 94' lang='lat'>:</span> <span class='ocrx_word' id='word_1_112' title='bbox 575 2391 694 2469; x_wconf 78' lang='lat' dir='ltr'>urgent</span> <span class='ocrx_word' id='word_1_113' title='bbox 712 2380 869 2471; x_wconf 82' lang='lat' dir='ltr'>praesagia</span> <span class='ocrx_word' id='word_1_114' title='bbox 890 2376 979 2445; x_wconf 91' lang='lat' dir='ltr'>mille</span> 
     </span>
    </p>

    <p class='ocr_par' dir='ltr' id='par_1_6' title="bbox 234 2495 1132 2958">
     <span class='ocr_line' id='line_1_18' title="bbox 234 2495 1060 2590; baseline 0.005 -27"><span class='ocrx_word' id='word_1_115' title='bbox 234 2496 393 2581; x_wconf 83' lang='lat' dir='ltr'>Funeris,</span> <span class='ocrx_word' id='word_1_116' title='bbox 412 2508 447 2564; x_wconf 87' lang='lat' dir='ltr'>et</span> <span class='ocrx_word' id='word_1_117' title='bbox 464 2496 569 2590; x_wconf 79' lang='lat' dir='ltr'>nigra</span> <span class='ocrx_word' id='word_1_118' title='bbox 588 2495 782 2588; x_wconf 76' lang='lat' dir='ltr'>precedunt</span> <span class='ocrx_word' id='word_1_119' title='bbox 799 2495 912 2566; x_wconf 90' lang='lat' dir='ltr'>nubila</span> <span class='ocrx_word' id='word_1_120' title='bbox 933 2501 1060 2568; x_wconf 87' lang='lat' dir='ltr'>mortis.</span> 
     </span>
     <span class='ocr_line' id='line_1_19' title="bbox 234 2616 1132 2713; baseline 0.002 -27"><span class='ocrx_word' id='word_1_121' title='bbox 234 2619 375 2711; x_wconf 81' lang='lat' dir='ltr'>Jamque</span> <span class='ocrx_word' id='word_1_122' title='bbox 392 2616 493 2687; x_wconf 88' lang='lat' dir='ltr'>miser</span> <span class='ocrx_word' id='word_1_123' title='bbox 511 2642 604 2686; x_wconf 88' lang='lat' dir='ltr'>raros</span> <span class='ocrx_word' id='word_1_124' title='bbox 624 2619 781 2704; x_wconf 81' lang='lat' dir='ltr'>comites,</span> <span class='ocrx_word' id='word_1_125' title='bbox 799 2643 979 2713; x_wconf 84' lang='lat' dir='ltr'>verumque</span> <span class='ocrx_word' id='word_1_126' title='bbox 1000 2619 1132 2688; x_wconf 85' lang='lat' dir='ltr'>videbat</span> 
     </span>
     <span class='ocr_line' id='line_1_20' title="bbox 237 2738 1097 2835; baseline 0.002 -27"><span class='ocrx_word' id='word_1_127' title='bbox 237 2741 384 2826; x_wconf 87' lang='lat' dir='ltr'>Dorcea,</span> <span class='ocrx_word' id='word_1_128' title='bbox 400 2739 471 2832; x_wconf 89' lang='lat' dir='ltr'>jam</span> <span class='ocrx_word' id='word_1_129' title='bbox 491 2739 579 2808; x_wconf 87' lang='lat' dir='ltr'>vires</span> <span class='ocrx_word' id='word_1_130' title='bbox 595 2738 768 2835; x_wconf 83' lang='lat' dir='ltr'>paullatim</span> <span class='ocrx_word' id='word_1_131' title='bbox 786 2741 960 2812; x_wconf 76' lang='lat' dir='ltr'>abscedere</span> <span class='ocrx_word' id='word_1_132' title='bbox 978 2743 1097 2828; x_wconf 82' lang='lat' dir='ltr'>sentit,</span> 
     </span>
     <span class='ocr_line' id='line_1_21' title="bbox 237 2861 1079 2958; baseline 0.005 -30"><span class='ocrx_word' id='word_1_133' title='bbox 237 2861 345 2929; x_wconf 87' lang='lat' dir='ltr'>Sentit</span> <span class='ocrx_word' id='word_1_134' title='bbox 362 2875 395 2929; x_wconf 89' lang='lat' dir='ltr'>et</span> <span class='ocrx_word' id='word_1_135' title='bbox 413 2861 587 2931; x_wconf 81' lang='lat' dir='ltr'>exhaustas</span> <span class='ocrx_word' id='word_1_136' title='bbox 604 2863 742 2932; x_wconf 87' lang='lat' dir='ltr'>humero</span> <span class='ocrx_word' id='word_1_137' title='bbox 759 2862 882 2934; x_wconf 84' lang='lat' dir='ltr'>leviore</span> <span class='ocrx_word' id='word_1_138' title='bbox 896 2864 1079 2958; x_wconf 86' lang='lat' dir='ltr'>pharetras.</span> 
     </span>
    </p>

    <p class='ocr_par' dir='ltr' id='par_1_7' title="bbox 231 2983 1205 3914">
     <span class='ocr_line' id='line_1_22' title="bbox 235 2983 1205 3080; baseline 0.004 -30"><span class='ocrx_word' id='word_1_139' title='bbox 235 2983 308 3050; x_wconf 87' lang='lat' dir='ltr'>Jam</span> <span class='ocrx_word' id='word_1_140' title='bbox 328 2983 436 3052; x_wconf 78' lang='lat' dir='ltr'>nunus</span> <span class='ocrx_word' id='word_1_141' title='bbox 457 2998 558 3078; x_wconf 86' lang='lat' dir='ltr'>atque</span> <span class='ocrx_word' id='word_1_142' title='bbox 575 2985 685 3054; x_wconf 89' lang='lat' dir='ltr'>minus</span> <span class='ocrx_word' id='word_1_143' title='bbox 699 2984 762 3053; x_wconf 85' lang='lat' dir='ltr'>sert</span> <span class='ocrx_word' id='word_1_144' title='bbox 776 3009 885 3073; x_wconf 87' lang='lat' dir='ltr'>arma,</span> <span class='ocrx_word' id='word_1_145' title='bbox 908 3010 1055 3080; x_wconf 88' lang='lat' dir='ltr'>puerque</span> <span class='ocrx_word' id='word_1_146' title='bbox 1073 2987 1205 3055; x_wconf 86' lang='lat' dir='ltr'>videtur</span> 
     </span>
     <span class='ocr_line' id='line_1_23' title="bbox 235 3104 1098 3200; baseline 0.007 -30"><span class='ocrx_word' id='word_1_147' title='bbox 235 3105 279 3170; x_wconf 85' lang='lat' dir='ltr'>Et</span> <span class='ocrx_word' id='word_1_148' title='bbox 296 3104 378 3190; x_wconf 90' lang='lat' dir='ltr'>sibi,</span> <span class='ocrx_word' id='word_1_149' title='bbox 399 3129 504 3198; x_wconf 89' lang='lat' dir='ltr'>quum</span> <span class='ocrx_word' id='word_1_150' title='bbox 522 3119 617 3174; x_wconf 88' lang='lat' dir='ltr'>torva</span> <span class='ocrx_word' id='word_1_151' title='bbox 633 3106 738 3200; x_wconf 85' lang='lat' dir='ltr'>clypei</span> <span class='ocrx_word' id='word_1_152' title='bbox 759 3106 956 3175; x_wconf 89' lang='lat' dir='ltr'>metuendus</span> <span class='ocrx_word' id='word_1_153' title='bbox 974 3109 1098 3176; x_wconf 86' lang='lat' dir='ltr'>obarsit</span> 
     </span>
     <span class='ocr_line' id='line_1_24' title="bbox 235 3226 1152 3319; baseline 0.005 -28"><span class='ocrx_word' id='word_1_154' title='bbox 235 3226 327 3292; x_wconf 92' lang='lat' dir='ltr'>Luce</span> <span class='ocrx_word' id='word_1_155' title='bbox 346 3227 453 3318; x_wconf 84' lang='lat' dir='ltr'>Dryas</span> <span class='ocrx_word' id='word_1_156' title='bbox 473 3252 481 3294; x_wconf 74' lang='grc' dir='ltr'><strong>ε</strong></span> <span class='ocrx_word' id='word_1_157' title='bbox 499 3242 623 3296; x_wconf 90' lang='lat' dir='ltr'>tremor</span> <span class='ocrx_word' id='word_1_158' title='bbox 639 3250 698 3295; x_wconf 92' lang='lat' dir='ltr'>ora</span> <span class='ocrx_word' id='word_1_159' title='bbox 715 3249 835 3319; x_wconf 88' lang='lat' dir='ltr'>repens</span> <span class='ocrx_word' id='word_1_160' title='bbox 854 3253 893 3296; x_wconf 88' lang='lat' dir='ltr'>ac</span> <span class='ocrx_word' id='word_1_161' title='bbox 915 3230 1039 3297; x_wconf 89' lang='lat' dir='ltr'>viscera</span> <span class='ocrx_word' id='word_1_162' title='bbox 1060 3229 1152 3296; x_wconf 88' lang='lat' dir='ltr'>torsit</span> 
     </span>
     <span class='ocr_line' id='line_1_25' title="bbox 235 3344 1075 3439; baseline 0.007 -27"><span class='ocrx_word' id='word_1_163' title='bbox 235 3344 406 3413; x_wconf 79' lang='lat' dir='ltr'>Arcados:</span> <span class='ocrx_word' id='word_1_164' title='bbox 431 3361 534 3439; x_wconf 89' lang='lat' dir='ltr'>utque</span> <span class='ocrx_word' id='word_1_165' title='bbox 549 3346 610 3415; x_wconf 85' lang='lat' dir='ltr'>seri</span> <span class='ocrx_word' id='word_1_166' title='bbox 632 3362 796 3417; x_wconf 85' lang='lat' dir='ltr'>vectorem</span> <span class='ocrx_word' id='word_1_167' title='bbox 817 3347 963 3419; x_wconf 79' lang='lat' dir='ltr'>fulminis</span> <span class='ocrx_word' id='word_1_168' title='bbox 980 3349 1075 3418; x_wconf 89' lang='lat' dir='ltr'>albus</span> 
     </span>
     <span class='ocr_line' id='line_1_26' title="bbox 234 3465 1114 3565; baseline 0.01 -36"><span class='ocrx_word' id='word_1_169' title='bbox 234 3465 349 3552; x_wconf 91' lang='lat' dir='ltr'>Quum</span> <span class='ocrx_word' id='word_1_170' title='bbox 367 3490 468 3559; x_wconf 90' lang='lat' dir='ltr'>supra</span> <span class='ocrx_word' id='word_1_171' title='bbox 486 3469 627 3561; x_wconf 88' lang='lat' dir='ltr'>respexit</span> <span class='ocrx_word' id='word_1_172' title='bbox 643 3466 732 3555; x_wconf 92' lang='lat' dir='ltr'>olor,</span> <span class='ocrx_word' id='word_1_173' title='bbox 752 3471 845 3563; x_wconf 89' lang='lat' dir='ltr'>cupit</span> <span class='ocrx_word' id='word_1_174' title='bbox 864 3470 991 3541; x_wconf 88' lang='lat' dir='ltr'>hiscere</span> <span class='ocrx_word' id='word_1_175' title='bbox 1009 3473 1114 3565; x_wconf 86' lang='lat' dir='ltr'>ripam</span> 
     </span>
     <span class='ocr_line' id='line_1_27' title="bbox 234 3585 1158 3685; baseline 0.01 -34"><span class='ocrx_word' id='word_1_176' title='bbox 234 3585 447 3677; x_wconf 85' lang='lat' dir='ltr'>Strymonos,</span> <span class='ocrx_word' id='word_1_177' title='bbox 464 3601 498 3655; x_wconf 91' lang='lat' dir='ltr'>et</span> <span class='ocrx_word' id='word_1_178' title='bbox 513 3587 657 3680; x_wconf 87' lang='lat' dir='ltr'>trepidas</span> <span class='ocrx_word' id='word_1_179' title='bbox 675 3590 708 3658; x_wconf 91' lang='lat' dir='ltr'>in</span> <span class='ocrx_word' id='word_1_180' title='bbox 727 3607 861 3685; x_wconf 72' lang='lat' dir='ltr'>pectora</span> <span class='ocrx_word' id='word_1_181' title='bbox 880 3591 1047 3661; x_wconf 88' lang='lat' dir='ltr'>contrabit</span> <span class='ocrx_word' id='word_1_182' title='bbox 1068 3591 1158 3660; x_wconf 89' lang='lat' dir='ltr'>alas:</span> 
     </span>
     <span class='ocr_line' id='line_1_28' title="bbox 233 3705 1150 3806; baseline 0.011 -33"><span class='ocrx_word' id='word_1_183' title='bbox 233 3706 287 3773; x_wconf 90' lang='lat' dir='ltr'>Sic</span> <span class='ocrx_word' id='word_1_184' title='bbox 302 3705 460 3797; x_wconf 85' lang='lat' dir='ltr'>juvenem</span> <span class='ocrx_word' id='word_1_185' title='bbox 478 3708 553 3774; x_wconf 84' lang='lat' dir='ltr'>saevi</span> <span class='ocrx_word' id='word_1_186' title='bbox 575 3725 750 3804; x_wconf 83' lang='lat' dir='ltr'>conspecta</span> <span class='ocrx_word' id='word_1_187' title='bbox 770 3709 858 3780; x_wconf 91' lang='lat' dir='ltr'>mole</span> <span class='ocrx_word' id='word_1_188' title='bbox 875 3715 1053 3806; x_wconf 81' lang='lat' dir='ltr'>Dryantis,</span> <span class='ocrx_word' id='word_1_189' title='bbox 1145 3721 1150 3727; x_wconf 82' lang='lat'>&#39;</span> 
     </span>
     <span class='ocr_line' id='line_1_29' title="bbox 231 3827 1044 3914; baseline 0.014 -22"><span class='ocrx_word' id='word_1_190' title='bbox 231 3828 306 3893; x_wconf 83' lang='lat' dir='ltr'>Jam</span> <span class='ocrx_word' id='word_1_191' title='bbox 324 3849 390 3894; x_wconf 91' lang='lat' dir='ltr'>non</span> <span class='ocrx_word' id='word_1_192' title='bbox 408 3827 457 3895; x_wconf 90' lang='lat' dir='ltr'>ira</span> <span class='ocrx_word' id='word_1_193' title='bbox 478 3827 586 3914; x_wconf 88' lang='lat' dir='ltr'>subit,</span> <span class='ocrx_word' id='word_1_194' title='bbox 605 3828 660 3898; x_wconf 82' lang='lat' dir='ltr'>sed</span> <span class='ocrx_word' id='word_1_195' title='bbox 680 3828 737 3899; x_wconf 85' lang='lat' dir='ltr'>leti</span> <span class='ocrx_word' id='word_1_196' title='bbox 758 3833 895 3902; x_wconf 90' lang='lat' dir='ltr'>nuntius</span> <span class='ocrx_word' id='word_1_197' title='bbox 913 3833 1044 3903; x_wconf 88' lang='lat' dir='ltr'>horror.</span> 
     </span>
    </p>
   </div>
   <div class='ocr_carea' id='block_1_3' title="bbox 231 3949 1201 4170">
    <p class='ocr_par' dir='ltr' id='par_1_8' title="bbox 231 3949 1201 4170">
     <span class='ocr_line' id='line_1_30' title="bbox 234 3949 1201 4050; baseline 0.009 -33"><span class='ocrx_word' id='word_1_198' title='bbox 234 3952 333 4017; x_wconf 84' lang='lat' dir='ltr'>tlrma</span> <span class='ocrx_word' id='word_1_199' title='bbox 350 3962 478 4038; x_wconf 86' lang='lat' dir='ltr'>tamen,</span> <span class='ocrx_word' id='word_1_200' title='bbox 497 3949 617 4018; x_wconf 85' lang='lat' dir='ltr'>frustra</span> <span class='ocrx_word' id='word_1_201' title='bbox 637 3953 782 4047; x_wconf 63' lang='lat' dir='ltr'>Superos</span> <span class='ocrx_word' id='word_1_202' title='bbox 799 3956 1011 4049; x_wconf 87' lang='lat' dir='ltr'>Triviamque</span> <span class='ocrx_word' id='word_1_203' title='bbox 1031 3972 1201 4050; x_wconf 82' lang='lat' dir='ltr'>precatus,</span> 
     </span>
     <span class='ocr_line' id='line_1_31' title="bbox 231 4067 1000 4170; baseline 0.008 -32"><span class='ocrx_word' id='word_1_204' title='bbox 231 4067 371 4139; x_wconf 87' lang='lat' dir='ltr'>Molitur</span> <span class='ocrx_word' id='word_1_205' title='bbox 389 4068 534 4165; x_wconf 86' lang='lat' dir='ltr'>pallens,</span> <span class='ocrx_word' id='word_1_206' title='bbox 554 4087 588 4141; x_wconf 92' lang='lat' dir='ltr'>et</span> <span class='ocrx_word' id='word_1_207' title='bbox 605 4071 722 4142; x_wconf 87' lang='lat' dir='ltr'>surdos</span> <span class='ocrx_word' id='word_1_208' title='bbox 744 4074 876 4170; x_wconf 82' lang='lat' dir='ltr'>expedit</span> <span class='ocrx_word' id='word_1_209' title='bbox 894 4101 1000 4146; x_wconf 89' lang='lat' dir='ltr'>arcus.</span> 
     </span>
    </p>
   </div>
   <div class='ocr_carea' id='block_1_4' title="bbox 0 0 1410 5258">
    <p class='ocr_par' dir='ltr' id='par_1_9' title="bbox 0 0 1410 5258">
     <span class='ocr_line' id='line_1_32' title="bbox 0 0 1410 5258; baseline 0 1"><span class='ocrx_word' id='word_1_210' title='bbox 0 0 1410 5258; x_wconf 95' lang='lat' dir='ltr'> </span> 
     </span>
    </p>
   </div>
  </div>
 </body>
</html>
