2812 5258
179 381 235 455 ηε
466 376 716 433 scurnunrnos
736 375 848 431 maen
868 374 906 428 u.
1094 371 1220 436 (ιω.)

182 512 268 575 Ante
285 503 347 572 nisi
366 502 519 595 inspectis
534 498 667 567 admisit
678 497 721 565 ad
735 496 848 567 oscula
863 496 943 566 telis

184 627 324 715 Jamque
342 636 375 689 et
394 620 435 688 ad
450 617 606 687 ensiferos
624 618 733 685 vicina
753 617 841 710 pube
860 613 1020 685 tumultus

181 743 329 837 Aptabar
355 766 363 808 :
385 763 446 809 uec
467 762 520 806 me
544 734 612 805 ulle
631 736 691 805 feri
709 739 870 806 Mavortis
893 738 1002 832 imago

180 863 344 934 Praeter-iit
363 887 372 928 ε
394 856 512 943 didici,
532 880 600 951 quo
618 858 753 926 Paeoues
770 881 862 926 arma
879 871 1008 939 rotatu,

180 985 259 1072 Quo
278 983 414 1049 Macetae
433 1002 494 1047 aua
514 1002 590 1072 gesa
610 979 732 1063 citent,
749 1001 816 1070 quo
840 977 973 1045 turbiue
989 991 1127 1047 caestum

180 1105 405 1188 Sauromates,
426 1096 610 1191 falcemque
624 1099 747 1185 Getes,
768 1120 947 1189 arcumque
970 1094 1122 1167 Gelonus

179 1220 361 1308 Tenderet,
375 1233 410 1287 et
425 1218 516 1287 llere
528 1214 716 1287 Balearicus
731 1231 825 1287 actor
844 1204 981 1286 babenae

179 1341 257 1429 Quo
271 1364 430 1436 suspensa
441 1339 576 1407 trahens
590 1337 726 1407 libraret
741 1335 877 1406 vulnera
892 1351 999 1420 tortu,

180 1459 350 1529 Inclusum
367 1457 497 1552 quoties
509 1457 723 1552 distringeret
737 1480 812 1526 aere
826 1482 917 1553 gyro.

178 1581 245 1647 vix
266 1602 450 1648 memorem
470 1591 624 1666 cunctos,
640 1578 702 1646 etsi
723 1576 824 1647 modo
842 1580 1021 1674 gessimus,
1039 1592 1147 1648 aetus.

180 1701 280 1770 Nunc
296 1699 393 1768 docet
417 1699 545 1793 ingenti
562 1694 649 1766 saltu
666 1721 720 1766 me
738 1698 879 1792 jungere
895 1695 1021 1766 lossass

182 1822 279 1889 Nune
299 1833 402 1913 caput
421 1818 501 1886 aerii
521 1816 733 1887 scandentem
753 1816 914 1912 prendere
932 1820 1068 1907 montis,

182 1938 262 2026 Quo
278 1938 405 2035 fugitur
426 1962 485 2033 per
503 1935 602 2031 plana
618 1937 724 2033 gradu
741 1963 749 2005 τ
771 1926 1011 2031 simulacraque
1027 1963 1164 2034 pupae,

61 2124 69 2137 ,
183 2058 342 2152 Excipere
357 2058 520 2127 immissos
534 2072 671 2127 curvato
691 2058 836 2128 umbone
854 2056 1012 2146 molares,

182 2177 411 2273 Ardentesque
430 2178 555 2246 intrare
570 2202 679 2267 casas,
699 2177 910 2273 peditemque
924 2176 1071 2248 volantes

185 2298 308 2369 Sistere
330 2297 555 2393 quadrijugos.
574 2299 732 2386 Memini,
749 2299 977 2392 rapidissimus
996 2299 1064 2369 ibat

184 2418 350 2486 Imbribus
367 2415 507 2485 assiduis
528 2430 661 2507 pastus,
682 2416 880 2508 nivibusque
896 2416 1011 2487 solutis

182 2533 374 2629 Sperchios,
393 2530 567 2626 vulsasque
589 2533 698 2603 trabes
713 2548 747 2602 et
763 2558 841 2603 saxa
862 2534 1006 2622 ferebat3

182 2658 297 2743 Quum
314 2679 367 2723 me
385 2651 440 2722 ille
456 2652 653 2739 immissum,
673 2678 739 2748 qua
761 2657 878 2725 sevior
896 2658 1036 2751 impetus
1053 2658 1169 2750 uudre,

184 2778 278 2844 Stare
293 2775 390 2868 jubet
408 2789 541 2860 contra,
560 2774 771 2870 tumidosque
788 2774 947 2871 repellere
967 2777 1102 2863 fluctus,

184 2899 278 2985 Quos
297 2898 352 2964 vix
373 2897 441 2989 ipse
462 2895 566 2988 gradu
588 2897 685 2966 toties
706 2897 857 2966 obstante
876 2896 1013 2968 tulisset.
1036 2885 1039 2892 ’

185 3016 319 3084 Stabam
337 3014 505 3106 equidem,
525 3040 585 3084 nec
601 3040 653 3084 me
669 3016 831 3086 referebat
850 3019 1000 3088 concitus
1021 3021 1140 3108 amnis,
1259 3098 1263 3103 ,

184 3138 227 3203 Et
243 3131 317 3202 latae
336 3130 444 3228 caligo
463 3135 523 3202 viae
540 3159 548 3201 ε
567 3135 656 3204 ferus
674 3134 728 3203 ille
750 3137 870 3206 minari

187 3258 337 3347 Desuper
360 3254 571 3341 incumbens,
588 3255 761 3349 verbisque
781 3282 899 3353 urgere
914 3260 1082 3354 pudorem.

186 3378 258 3447 Nec
271 3376 334 3443 nisi
344 3375 456 3467 jussus
470 3375 536 3442 abii
552 3399 560 3442 :
576 3375 622 3442 sic
636 3398 691 3443 me
705 3373 855 3447 sublimis
868 3379 986 3474 agebat

186 3493 318 3579 Gloria,
332 3519 394 3562 uec
411 3494 486 3563 duri
504 3507 597 3562 tanto
614 3493 677 3563 sub
693 3510 776 3566 teste
790 3495 928 3568 labores.

185 3616 271 3683 Nam
288 3613 405 3707 procul
418 3611 577 3684 OEbnlios
590 3613 624 3686 iu
638 3615 751 3686 nubila
765 3617 906 3688 condere
918 3618 1024 3691 discos

184 3738 228 3803 Et
246 3731 403 3826 liquidam
425 3734 548 3803 nodare
571 3733 686 3828 pelen,
702 3751 734 3805 et
755 3761 907 3833 spargere
925 3755 1055 3826 (matus,

185 3852 300 3923 Ludus
318 3868 410 3939 erat,
434 3856 631 3948 requiesque
650 3857 731 3925 milri
747 3883 755 3923 ε
772 3882 832 3926 nec
845 3860 951 3952 major
965 3861 999 3928 in
1016 3862 1084 3930 istis

187 3973 307 4064 Sudor,
321 3972 494 4068 Apollineo
509 3998 607 4067 quam
621 3972 677 4042 fila
689 3979 841 4047 sonantia
857 3976 983 4073 plectro
