2812 5258
325 465 365 520 IN
385 466 413 518 P.
434 465 464 518 P.
486 461 611 516 STATII
632 461 725 516 SILV.
746 461 814 514 LIB.
832 461 867 513 ll.
1049 460 1104 517 253

191 583 293 631 Munera
305 594 379 645 quum
388 585 464 644 posset
476 574 582 625 noudum
594 574 680 623 sentire
691 573 796 639 patruni,

225 662 322 714 Glaucia
332 662 429 711 libertast
438 675 488 725 jam
499 657 606 707 Melioris
617 665 675 706 urat

189 745 298 795 Muribus
308 745 354 794 boc
364 743 490 806 formaque
503 740 592 790 datum.
606 738 665 803 Quia
675 738 783 788 blandior
793 739 849 789 illo?

224 830 274 877 Aut
287 827 339 892 quis
349 825 477 891 Apollineo
486 821 608 888 pulchrior
621 836 661 870 ore
672 820 734 870 luit?

188 909 320 959 Inmodicis
331 907 409 957 brevis
422 915 457 956 est
469 914 524 955 retas
536 913 561 954 et
572 919 626 953 rara
635 911 740 972 senectus
753 920 760 953 :

224 990 347 1059 Quidquid
358 1006 434 1050 amas,
445 989 526 1057 cupias
536 1004 585 1038 nou
596 986 708 1054 placuisse
717 986 795 1038 ηἰπιίε.

84 1176 119 1230 Et
131 1171 304 1247 epitaphium
318 1189 325 1224 :

240 1357 348 1408 libertus
359 1353 465 1406 Melioris
476 1354 515 1403 ille
526 1361 606 1412 notus,

239 1445 300 1490 Tota
313 1439 355 1506 qui
368 1437 451 1488 cecidit
462 1436 556 1486 dolente
567 1439 656 1492 Roma,

236 1523 293 1575 uri
305 1522 395 1574 delicie
407 1520 491 1570 breves
502 1518 609 1585 pauoui,

238 1611 289 1657 Hoc
299 1605 343 1655 sub
354 1619 469 1654 marmore
481 1602 589 1653 Glaucias
598 1601 705 1651 humatus

238 1692 326 1738 luucto
335 1685 455 1737 Flaminia
464 1687 528 1751 jacet
536 1684 641 1751 sepulcro
653 1700 660 1733 :

239 1773 321 1820 Castus
328 1769 446 1828 moribus,
457 1768 570 1817 iunctm
582 1766 686 1833 pudure,

239 1852 317 1900 Velox
330 1850 437 1915 iugenio,
449 1850 533 1899 dwore
544 1848 608 1899 felix.

240 1933 279 1982 Bis
289 1932 352 1981 senis
361 1931 431 1980 modo
441 1931 553 1981 messibus
564 1930 664 1996 peractis

240 2015 371 2063 Virunum
384 2030 444 2080 puer
452 2012 584 2080 applicabat
597 2028 693 2062 aunum.

240 2097 290 2161 Qui
302 2096 344 2146 llas
356 2096 424 2156 talia,
433 2096 468 2146 uil
480 2095 548 2156 lleaa,
558 2095 642 2145 tiator.

128 2275 218 2330 Verdu
235 2274 375 2330 medentia
392 2272 475 2328 soevir
492 2272 610 2345 Consero
624 2270 662 2350 (v.
678 2270 718 2350 5).
733 2271 937 2342 Wakefieldus‚
951 2274 1013 2329 Silv.
1022 2273 1104 2341 crit„

84 2387 109 2422 v.
124 2387 152 2436 v,
161 2386 190 2442 p.
204 2365 257 2422 108
268 2365 445 2420 :medentia
458 2365 542 2420 laevus
552 2365 686 2420 confero»
702 2364 889 2440 (postremum
903 2365 932 2419 in
946 2365 1009 2420 cod.
1022 2363 1106 2443 Pan).

125 2461 337 2531 Plorantemque
356 2457 482 2511 animam
495 2455 533 2533 (v.
554 2458 611 2533 aa).
625 2459 664 2513 Ut
678 2476 780 2530 corpus
798 2468 862 2512 ante
873 2458 981 2529 justum
997 2467 1107 2531 tempus

83 2551 243 2623 relinquere
257 2559 390 2605 coactam.
405 2549 447 2604 ef.
462 2551 580 2605 Maura.

121 2644 155 2698 V.
175 2661 210 2712 27
230 2661 272 2715 sq.
295 2640 395 2695 Melius
411 2641 469 2695 hac
483 2641 650 2696 exhihentur
662 2641 692 2697 in
705 2642 769 2696 cod.
782 2639 901 2715 Rhedig.
917 2661 924 2693 τ
939 2664 951 2689 ι
965 2639 1018 2693 Ins.
1032 2650 1108 2694 vates

84 2753 165 2789 uersa
182 2753 244 2788 mea
256 2742 330 2808 pect.
345 2742 436 2786 tecum
450 2734 555 2806 Plango
569 2733 637 2806 lyra.
652 2757 665 2782 »

123 2839 262 2911 Impliciti
275 2834 313 2914 (v.
334 2833 395 2913 46).
410 2837 473 2892 Scil.
489 2837 664 2909 amplexibus
677 2835 737 2890 tibi.

124 2930 300 3004 Iurataque...
319 2928 406 2982 barda
420 2925 458 3003 (v.
474 2926 531 3004 53).
545 2929 612 2982 Non
626 2938 668 2982 est
680 2926 761 2980 valde
775 2935 884 2998 optata,
897 2925 947 2981 aed
959 2944 1011 2999 per
1024 2943 1109 2999 quarn

86 3031 136 3086 etsi
157 3032 279 3089 futuram
298 3052 370 3106 saepe
382 3033 526 3104 juraverat
539 3032 682 3100 Glaucias,
700 3032 729 3085 iu
743 3032 818 3086 hunc
832 3030 889 3085 lere
907 3031 1044 3086 modum:
1066 3033 1108 3085 Ita

86 3124 227 3197 contingat
240 3125 308 3179 mihi
322 3124 375 3180 flos
384 3143 536 3199 genarum
551 3123 590 3178 ita
603 3123 672 3178 mihi
685 3124 761 3178 salvo
774 3123 891 3178 barbam
902 3140 1010 3195 ponere
1018 3122 1107 3177 liceat.

87 3214 150 3268 Hac
164 3227 204 3270 est
218 3217 366 3288 explicatio
382 3215 534 3284 Gronovii,
552 3235 580 3288 q.
594 3234 621 3270 v.
636 3235 659 3270 c.
674 3234 736 3270 xvrr
767 3233 795 3287 p.
811 3215 848 3288 95
862 3233 923 3287 sqq.
940 3211 1005 3279 405.

127 3306 185 3359 Nec
192 3319 217 3359 te
224 3307 378 3362 barbaricae
384 3309 601 3364 versabatturbo
613 3320 729 3362 catasta·
736 3305 773 3383 (v.
786 3303 841 3383 72).
849 3306 1026 3378 Optimchaec
1034 3304 1108 3361 idern

10 3387 11 3390 ¹
84 3395 206 3451 restituit
219 3406 246 3450 et
260 3398 405 3468 explicuit,
426 3419 489 3473 cap.
503 3418 566 3469 xvr,
580 3419 608 3472 p.
625 3398 661 3455 85
680 3418 741 3471 sqq.
757 3417 763 3452 :
779 3422 790 3447 a
806 3396 947 3470 Mancipia
959 3397 1066 3453 venalia
1079 3397 1109 3453 in

85 3497 188 3543 catasta
209 3488 253 3541 vel
277 3486 341 3542 loro
362 3488 480 3560 interea,
494 3493 563 3547 dum
583 3490 754 3564 praeconium
768 3488 867 3557 fiebat,
881 3490 911 3544 in
932 3490 1030 3544 orbern
1051 3489 1108 3560 ire,

85 3597 214 3647 currere,
234 3578 335 3632 saltare
352 3597 556 3657 nonnunquam
581 3582 755 3657 cogebantur
773 3600 853 3637 :non
873 3592 929 3637 tam
946 3591 978 3635 ut
998 3599 1108 3655 coguo-

86 3679 243 3738 scerentur,
257 3667 372 3740 quinam
386 3683 476 3726 essent
488 3677 615 3745 venales,
630 3693 714 3747 quarn
728 3684 760 3728 ut
772 3674 913 3730 adstantes
926 3682 954 3727 et
968 3682 1108 3745 emptores

85 3760 241 3815 accuratius
254 3760 293 3816 ita
307 3761 518 3834 specularentur
531 3784 665 3840 corpora,
678 3765 776 3839 illique
789 3765 933 3821 sanitatem
946 3781 1023 3820 suam
1034 3781 1107 3838 pro-

84 3852 184 3908 barent
197 3872 204 3906 :
218 3870 275 3925 qua
289 3852 325 3907 de
338 3870 421 3908 causa
435 3862 463 3906 et
470 3853 648 3913 nudabantur
662 3868 689 3912 et
702 3856 956 3912 contrectabantur.
969 3856 1039 3911 Eam
1051 3854 1108 3910 cir·

85 3943 288 3999 cumactionem
307 3962 452 4000 servorum
464 3944 581 4015 pulchre
593 3950 729 4004 turbinem
746 3959 864 4002 catastae
876 3946 994 4002 vocavit.
1008 3944 1066 4017 Qui
1078 3944 1107 3999 in

85 4034 231 4091 circuitum
253 4046 323 4093 eunt
343 4038 388 4092 vel
402 4044 536 4105 currunt,
549 4037 647 4093 orbem
666 4037 840 4094 saltatorium
859 4047 981 4107 versant,
1001 4036 1108 4092 turbine
