2812 5258
80 406 198 472 (mol.)
406 398 620 457 THEBMDOS
643 400 752 454 LIBER
776 401 811 453 V.
1089 397 1124 466 37

81 534 194 603 Prima
213 529 333 614 fames,
353 526 510 620 avidique
528 524 711 620 implorant
731 526 833 593 ubera
855 527 934 593 nati.

133 681 149 714 a
159 650 254 738 Quos
271 648 331 716 tibi
345 645 447 743 (nam
464 642 605 736 dubito)
620 643 780 714 scelerum
799 642 840 712 de
855 643 947 712 mille
965 644 1079 737 liguris

71 768 265 867 'Expediam
282 768 399 837 casus?
416 765 584 837 Helimum
602 767 778 834 temeraria
798 769 911 861 Gorge

80 894 260 964 Evinctum
279 890 398 976 ramis,
416 885 550 979 altaque
568 887 605 954 in
626 884 714 955 mole
736 900 883 980 tapetum

80 1011 257 1083 Efflantem
277 1035 396 1082 somno
417 1012 599 1080 crescentia
618 1010 711 1094 vina,
732 1023 922 1102 superstans

82 1131 232 1202 Vulnera
250 1131 388 1225 disjecta
405 1132 547 1199 rimatur
565 1144 672 1217 veste,
690 1129 750 1198 sed
767 1127 861 1198 illum

82 1252 199 1323 Infelix
217 1276 318 1346 sopor
334 1249 470 1319 admota
485 1249 546 1319 sub
563 1264 670 1318 morte
686 1248 819 1343 refugit.

81 1370 267 1457 Turbidus,
283 1372 516 1463 incertumque
530 1367 635 1438 oculis
650 1367 865 1464 vigilantibus
878 1369 1007 1438 hostem

83 1496 238 1585 Occupat
251 1488 421 1584 amplexu,
435 1514 497 1560 nec
511 1491 646 1584 segnius
661 1488 718 1558 illa
734 1490 877 1558 tenentis

83 1613 176 1680 Pone
194 1609 299 1706 adigit
315 1625 438 1698 costas,
459 1608 564 1680 donec
584 1635 643 1679 sua
662 1625 797 1705 pectora
816 1609 904 1680 ferro

83 1735 248 1827 Tangeret
267 1758 275 1801 :
295 1732 322 1800 is
341 1730 475 1800 demum
494 1729 607 1800 sceleri
626 1729 745 1799 modus
766 1757 774 1800 ι
794 1755 854 1801 ora
873 1731 1007 1824 supinat
1037 1785 1041 1798 .

84 1850 228 1920 Blandus
246 1850 375 1935 adhuc,
391 1849 561 1944 oculisque
578 1865 722 1920 tremem
739 1867 773 1921 et
792 1875 962 1920 murmure
980 1852 1117 1944 Gorgen

86 1971 228 2057 Quaerit,
246 1984 280 2038 et
297 1969 438 2063 indigno
457 1994 525 2038 non
544 1967 643 2038 solvit
658 1971 795 2039 brachia
813 1969 909 2040 collo.

137 2121 153 2154 a
165 2092 242 2159 Non
259 2115 323 2185 ego
341 2114 432 2159 nunc
451 2089 560 2185 vulgi,
581 2114 772 2185 quanquam
793 2087 956 2174 crudelia,
974 2088 1117 2183 pandam

86 2213 231 2298 Funera,
250 2210 306 2279 sed
325 2212 463 2305 propria
481 2209 590 2282 luctus
608 2212 649 2282 de
669 2214 770 2305 stirpe
789 2209 957 2280 recordor.

84 2329 185 2417 Quod
204 2345 252 2418 te,
270 2330 354 2399 ssave
373 2330 506 2424 Cydon,
526 2332 617 2427 quod
636 2347 668 2402 te
686 2357 747 2427 per
765 2329 850 2400 colla
870 2331 985 2400 refusis

83 2454 268 2539 intactum,
288 2453 442 2539 Crenaee,
462 2454 565 2521 cornis
584 2452 730 2547 (quibus
749 2452 852 2521 ubera
870 2476 1000 2522 mecum

84 2569 332 2664 Obliquumque
351 2597 371 2639 a
390 2587 482 2666 patre
501 2571 647 2668 genus),
668 2572 872 2666 fortemque,
893 2571 1049 2642 timebam

84 2681 194 2780 Quem
214 2690 393 2785 desponsa,
412 2695 529 2786 Gyan,
548 2691 616 2761 vidi
636 2691 765 2786 lapsare
783 2707 928 2761 cruentae

86 2808 233 2880 Vulnere
247 2811 468 2906 Mirmqidonis
488 2839 496 2880 τ
516 2811 672 2906 quodque
689 2814 775 2880 inter
792 2826 879 2879 serta
897 2811 1082 2904 chorosque

84 2930 236 2998 Barbara
249 2927 417 3000 ludentem
437 2930 581 2999 fodiebat
600 2933 740 3024 Opopea
759 2944 875 2998 mater.

134 3078 150 3111 a
163 3047 236 3117 Flet
252 3074 351 3145 super
369 3075 550 3144 aequaevum
571 3074 667 3119 soror
684 3063 850 3118 exarmata
869 3053 1008 3144 Lycaste

85 3167 250 3262 Cydimon
270 3196 279 3237 ε
298 3169 363 3240 beu
384 3170 503 3242 similes
524 3173 672 3266 perituro
690 3173 724 3239 in
743 3195 882 3265 corpore
902 3169 1013 3241 vultus

85 3288 297 3385 Adspiciens,
315 3289 495 3386 floremque
515 3317 624 3389 genae,
644 3308 677 3361 et
694 3317 776 3384 quas
794 3292 933 3362 finxerat
951 3318 1033 3363 auro

86 3410 161 3504 Ipsa
179 3437 291 3481 comas
311 3438 319 3480 ε
339 3426 410 3481 tum
429 3437 513 3481 saeva
531 3438 652 3507 parens
667 3413 736 3506 jam
755 3413 898 3508 conjuge
915 3414 988 3484 fuso

85 3527 241 3619 Adstitit,
261 3531 465 3627 impellitque
483 3533 597 3620 minis,
617 3546 716 3626 atque
733 3534 848 3602 inserit
864 3558 985 3602 ensem.

85 3648 138 3716 Ut
154 3648 238 3737 fera,
256 3677 329 3745 quae
347 3650 477 3746 placido
497 3653 622 3722 rabiem
642 3652 775 3723 desueta
793 3669 951 3747 rnagrstro

85 3765 228 3836 Tardius
246 3793 336 3839 arma
355 3789 483 3859 movet,
503 3773 728 3867 stimulisque,
748 3789 781 3841 et
802 3773 936 3843 verbere
953 3774 1070 3842 crebro

86 3885 128 3956 In
147 3911 255 3957 mores
272 3907 371 3986 negat
389 3895 436 3961 ire
455 3918 531 3963 suos
552 3921 559 3962 :
580 3896 626 3962 sic
646 3891 700 3961 illa
716 3894 839 3985 jacenti

86 4004 228 4097 Incidit,
246 4009 490 4105 undantemque
511 4015 585 4081 sinu
603 4011 750 4107 collapsa
769 4037 920 4084 cruorem
