2812 5258
331 424 384 495 178
635 423 849 478 Tunaflnos
871 423 978 477 LIBER
999 422 1021 475 1.
1237 421 1361 481 (vans.)

327 547 483 640 Conjugis
500 569 556 613 ara
578 557 655 628 tuae,
671 543 804 613 cumulo
820 568 879 611 cur
897 544 1002 611 thuris
1017 546 1079 610 Eoi

328 668 414 733 Irata
432 663 537 734 calet?
556 661 676 731 Melius
695 663 779 730 votis
794 662 974 729 Mareotica
992 660 1097 729 fumat

330 785 472 876 Coptos,
490 796 522 849 et
537 782 665 848 aerisoni
686 781 829 874 lugentia
848 778 984 846 flumina
1001 775 1079 848 Nili.

375 899 505 987 «Quod
520 900 547 966 si
561 900 666 993 prisca
683 897 781 966 luunt
797 912 969 965 auctorum
984 898 1122 966 crimina
1137 914 1269 993 gentes,

327 1021 549 1112 subvenitque
568 1019 633 1087 tuis
653 1041 723 1087 sera
741 1016 812 1084 haec
830 1018 988 1085 sententia
1005 1017 1111 1100 curis;

329 1143 520 1207 Percensere
535 1140 594 1207 aeri
613 1139 759 1226 senium,
779 1161 846 1231 quo
864 1151 1011 1229 tempore
1031 1135 1163 1203 tandem

327 1261 501 1326 Terrarum
519 1256 620 1327 furias
635 1258 783 1345 abolere,
798 1272 833 1325 et
852 1252 969 1324 saecula
984 1269 1074 1322 retro

325 1374 506 1444 Emendare
525 1392 575 1445 sat
589 1376 659 1445 est?
673 1376 869 1469 jamdudum
887 1373 929 1441 ab
948 1371 1079 1441 sedibus
1097 1369 1160 1440 illis

326 1496 454 1588 Incipe,
470 1495 642 1589 fluctivaga
662 1520 727 1588 qua
747 1491 988 1587 preterlabitnr
1004 1490 1093 1560 unda

327 1614 460 1681 Sicanos
477 1612 574 1706 longe
590 1612 737 1705 relegens
755 1612 901 1707 Alpheus
920 1635 1059 1680 amores.

326 1729 469 1799 Arcades
485 1731 539 1799 hic
556 1745 628 1818 tua,
650 1756 711 1800 nec
728 1733 836 1827 pudor
852 1732 922 1801 est?
940 1729 1077 1799 delubra
1094 1729 1230 1801 nefastis

328 1852 516 1940 Imposuere
530 1847 610 1917 locis
626 1875 634 1916 :
651 1848 718 1919 illic
729 1852 916 1919 ¹Mavortius
935 1852 1004 1919 axis

327 1969 511 2054 OEnomai‚
530 1970 713 2062 Geticoque
731 1994 829 2062 pecus
843 1969 1008 2038 stabulare
1025 1969 1087 2038 sub
1101 1972 1219 2037 Haemo

325 2087 467 2179 Dignius
484 2088 656 2181 :abruptis
672 2089 851 2158 etiamnum
870 2089 1040 2157 inhumata
1056 2112 1236 2182 procorum

325 2203 495 2298 Relliquiis
512 2222 628 2276 trunca
643 2233 702 2277 ora
718 2210 848 2302 rigent:
867 2223 975 2276 tamen
995 2207 1049 2276 hic
1064 2208 1123 2275 tibi
1141 2203 1259 2301 templi

326 2326 448 2393 Gratus
468 2327 574 2395 honos
588 2352 596 2394 :
612 2325 718 2419 placet
732 2329 793 2396 Ida
809 2352 947 2415 nocens,
966 2328 1168 2419 mentitaque
1180 2350 1299 2397 manes

325 2444 424 2510 Creta
440 2457 525 2511 tuos.
541 2447 598 2512 Me
611 2445 776 2514 Tantaleis
792 2447 969 2515 consistere
990 2447 1102 2533 tectis,

325 2563 408 2649 Quae
430 2562 561 2630 tandem
578 2562 699 2630 invidia
716 2562 786 2631 est?
804 2563 884 2631 Belli
902 2564 1038 2634 deflecte
1055 2561 1237 2653 tumultus,

326 2684 368 2749 Et
383 2683 508 2775 generis
525 2682 694 2751 miseresce
711 2684 769 2750 tui.
789 2684 875 2751 Sunt
889 2686 990 2778 impia
1007 2683 1074 2755 late

326 2804 439 2894 Regna
456 2802 536 2886 tibi,
553 2799 670 2869 melius
690 2826 827 2895 generos
844 2828 979 2896 passura
999 2819 1163 2874 nocentes
1176 2832 1194 2867 s

374 2921 517 2987 Finierat
535 2922 672 2989 miscens
692 2921 843 3015 precibus
861 2925 1009 2991 convicia
1026 2927 1123 2992 Juno.

326 3043 369 3108 At
389 3064 455 3106 non
472 3037 526 3105 ille
542 3040 664 3132 gravis,
684 3038 796 3125 dictis,
814 3065 1002 3134 quanquam
1018 3066 1152 3135 aspera,
1172 3058 1286 3113 motus

327 3157 480 3226 Reddidit
499 3159 569 3227 haec
584 3184 592 3226 ε
606 3188 623 3222 u
632 3157 793 3252 Eqmdem
808 3160 898 3229 haud
912 3161 1008 3229 rebar
1023 3176 1056 3230 te
1072 3176 1184 3230 mente
1196 3163 1348 3232 secunda

327 3279 500 3361 Laturam‚
517 3277 738 3373 quodcunque
756 3293 849 3365 tuos,
869 3278 944 3348 licet
959 3305 1089 3373 aequus,
1109 3282 1144 3348 in
1161 3284 1274 3375 Argos

327 3394 555 3482 Consularem,
575 3422 680 3490 neque
696 3424 762 3485 me,
779 3397 877 3467 detur
893 3400 920 3467 si
940 3400 1049 3492 copia,
1065 3398 1148 3469 fallit

326 3513 434 3581 Multa
451 3539 548 3608 super
565 3515 685 3583 Thebis
701 3518 883 3603 Bacchum,
903 3541 1121 3612 ausuramque
1138 3520 1289 3590 Dionem

327 3634 460 3720 Dicere,
482 3633 538 3700 scd
555 3638 659 3702 nostri
676 3636 858 3705 reverentia
877 3637 1032 3730 ponderis
1048 3638 1165 3706 obstat.

327 3752 517 3820 Horrendos
531 3753 653 3820 etenim
669 3750 795 3841 latices,
813 3757 926 3850 Stygia
944 3781 1075 3849 aeqnora
1092 3756 1204 3827 fratris

326 3873 493 3956 Obtestor‚
508 3896 702 3941 mansurum
719 3888 751 3941 et
770 3901 836 3943 non
851 3875 1036 3945 revocabile
1055 3900 1189 3960 verum,

326 3990 383 4059 Nil
402 3990 472 4060 foro
490 4016 557 4084 quo
576 3989 671 4062 dictis
686 3991 798 4063 flectar
815 4018 940 4086 :quare
963 3994 1103 4089 impiger
1118 3992 1185 4065 ales
