2812 5258
222 391 279 448 232
530 390 739 446 amamus
757 389 865 445 mun
885 390 952 446 xn.
1155 389 1188 451 (r.
1199 392 1252 453 ας.)

221 517 391 584 Caesorum
408 527 536 582 tantum
552 537 610 580 ora
623 512 750 599 vident,
767 511 938 605 alienaque
949 514 1042 605 juxta

221 637 358 703 Pectora
378 657 478 727 :pars
494 656 610 700 currus
628 631 770 719 deflent,
788 631 960 723 viduisque
975 629 1168 723 loquuntur,

221 758 294 823 Hoc
307 753 411 822 solum
427 752 505 845 quia
525 766 643 838 restat,
662 753 755 843 equis
775 776 783 817 :
802 775 878 844 pars
898 747 1011 819 oscula
1029 749 1137 844 figunt

220 872 421 941 Vulneribus
438 871 584 965 magnis,
603 871 693 938 etde
711 871 832 939 virtute
849 885 1044 962 queruntur.

219 991 351 1087 Frigida
370 991 532 1085 digeritur
551 1005 675 1084 strages
690 1016 698 1057 ε
720 1006 856 1083 patuere
874 991 983 1058 recisse

220 1115 305 1182 Cum
325 1109 471 1206 capulis,
490 1110 655 1203 hastisque
670 1133 806 1197 manus,
827 1109 1008 1201 mediisque
1027 1110 1153 1203 sagittae

219 1231 416 1300 Luminibus
433 1245 557 1300 stantes
575 1256 584 1297 ε
602 1228 714 1298 multis
735 1230 872 1324 vestigia
889 1228 987 1298 cadis

218 1347 334 1432 Nulla,
351 1365 453 1419 ruunt
470 1347 605 1444 planctu
622 1348 785 1444 pendente
804 1361 837 1417 et
849 1349 973 1441 ubique
989 1365 1114 1443 parato.

217 1473 261 1540 At
279 1471 405 1538 circum
422 1468 578 1538 informes
591 1482 726 1536 truncos
742 1467 927 1537 miserabile
946 1469 1052 1562 surgit

217 1590 410 1676 Certamen,
428 1591 484 1681 qui
499 1589 588 1681 justa
605 1588 732 1671 ferant,
751 1589 811 1679 qui
829 1587 946 1656 funera
963 1587 1095 1656 ducant

217 1710 309 1804 Saepe
326 1710 425 1778 etiam
442 1706 593 1796 hostiles,
609 1705 688 1776 lusit
706 1710 855 1788 Fortuna
868 1730 1058 1802 parumper,

216 1829 356 1923 Decepti
373 1829 490 1900 flevere
507 1830 596 1901 viros
613 1854 621 1896 :
640 1852 700 1896 nec
715 1842 803 1899 certa
819 1825 958 1900 facultas

216 1949 380 2036 Nascere,
399 1973 498 2041 quem
515 1950 626 2017 miseri
644 1949 767 2036 vitent,
787 1945 953 2018 calcentve
972 1972 1135 2019 cruorem.

264 2070 307 2137 bt
321 2068 441 2161 quibus
457 2082 507 2138 est
522 2067 621 2137 illaesa
639 2067 774 2151 domus,
791 2068 950 2160 vacuique
968 2065 1115 2155 dolorm,

217 2189 285 2255 Aut
299 2188 426 2259 deserta
444 2191 519 2283 vagi
535 2193 688 2258 Danaum
704 2190 846 2258 tentoria
863 2187 1019 2274 lustrant,

216 2308 472 2401 immittuntque
485 2308 592 2392 faces,
608 2322 666 2376 aut
686 2308 774 2401 (quae
786 2323 862 2400 post
876 2307 962 2376 bella
980 2308 1144 2405 voluptas)

217 2423 382 2510 Quaerunt
399 2423 553 2517 dispersi,
567 2425 676 2516 jaceat
692 2448 759 2515 quo
773 2423 908 2518 pulvere
924 2425 1070 2519 Tydeus,

213 2547 266 2613 An
279 2543 366 2636 rapti
386 2555 496 2637 pateat
510 2566 624 2636 specus
634 2543 789 2636 auguris,
805 2557 864 2618 aut
881 2543 939 2612 ubi
957 2545 1081 2612 Divum

214 2663 344 2747 Hostis,
360 2687 402 2731 an
417 2661 557 2737 aetberiae
572 2663 686 2739 vivant
702 2688 762 2758 per
774 2665 922 2734 membra
936 2661 1062 2732 saville.

263 2784 335 2849 Jarn
350 2779 500 2876 lacrymis
515 2796 642 2852 exemta
657 2781 744 2872 dies,
759 2809 819 2868 nec
836 2808 928 2855 serus
946 2783 1054 2877 abegit

215 2903 342 2994 Vesper
362 2928 370 2968 τ
392 2918 504 2977 amant
520 2904 628 2979 miseri
647 2901 807 2987 lamenta,
826 2901 982 2995 malisque
999 2903 1165 2974 fruuntur.

215 3023 283 3090 Nec
301 3023 431 3090 subiere
449 3022 583 3109 domos,
603 3022 659 3093 sed
675 3002 800 3104 circum
813 3020 930 3099 funera
948 3048 1073 3116 pernox

214 3141 326 3208 Turba
341 3140 448 3227 sedet,
466 3142 657 3236 vicibusque
670 3141 754 3219 datis
771 3137 897 3209 alterna
910 3159 1074 3235 gementes

214 3259 295 3348 lgne
312 3257 396 3328 feras
414 3257 612 3353 planctuque
625 3259 764 3352 fugant:
787 3283 847 3331 nec
859 3258 1012 3337 dulcibus
1028 3265 1122 3335 astris

214 3377 330 3463 Victa,
348 3402 408 3446 nec
423 3376 553 3453 assidue
570 3379 717 3458 coierunt
733 3377 858 3465 lumina
874 3378 964 3448 fletu.

261 3496 390 3563 Tertius
406 3498 569 3565 Auroram
590 3494 742 3590 pulsabat
759 3498 903 3587 Lucifer,
922 3516 956 3569 et
972 3503 1041 3593 jam

214 3614 384 3682 Montibus
399 3613 523 3690 orbatis
542 3612 690 3688 lucorum
704 3614 829 3710 gloria,
846 3643 974 3713 magnae

213 3731 386 3800 Tbeumesi
399 3755 520 3802 venere
531 3734 656 3822 trabes,
672 3750 706 3816 et
724 3740 828 3806 amica
849 3741 1017 3810 Citbaeron

214 3848 300 3919 Silva
318 3851 406 3945 rogis
423 3877 430 3918 :
448 3849 565 3921 ardent
582 3856 697 3923 excisae
715 3859 840 3928 viscera
856 3862 961 3953 gentis

216 3969 358 4041 Molibus
373 3975 543 4041 exstructis
558 3999 566 4040 ε
585 4000 738 4069 supremo
756 4002 894 4048 munere
909 3981 1056 4075 gaudent
