2812 5258
85 348 182 459 (issi
395 393 606 450 runnuuos
629 394 738 448 nrum
761 395 795 448 x.

83 524 217 619 longit,
233 536 267 589 et
284 522 427 615 aggestis
445 516 583 613 vigilant
599 517 714 586 altaria
733 517 883 587 flammis.

85 643 226 739 Peplum
243 642 340 710 etiam
358 639 462 726 dono,
477 639 572 733 cujus
587 637 740 708 mirabile
757 654 883 708 textum

60 853 63 856 ‚
84 763 184 833 Nulla
203 787 321 832 manus
339 759 481 844 sterilis,
499 785 561 828 nec
575 758 750 830 dissociata
764 762 883 830 marito

83 889 257 968 versarat,
273 883 411 952 calathis
427 896 524 951 eastae
541 879 706 951 velamina
720 882 814 952 Divae

73 1003 182 1094 *Haud
202 1002 388 1098 spernenda
409 1001 540 1087 ferunt,
556 1003 656 1070 variis
677 1002 734 1070 ubi
754 1001 895 1094 plurima
916 1003 1011 1072 ssoret

83 1128 236 1218 Purpura
257 1127 343 1218 picta
362 1122 489 1207 modis,
511 1124 683 1214 mixtoque
699 1122 889 1192 incenditur
904 1149 995 1193 auro.

84 1249 157 1339 lpsa
181 1243 247 1313 illic
265 1245 377 1337 magni
396 1239 544 1310 thalamo
561 1241 725 1335 desponsa
745 1243 924 1328 Tonantis,

85 1370 213 1460 Expers
232 1362 411 1449 connubii,
431 1376 466 1430 et
485 1360 599 1430 timide
619 1365 765 1455 positura
783 1389 948 1452 sororem,

84 1490 228 1557 Lumine
245 1484 388 1552 demisso
407 1483 500 1577 pueri
516 1485 607 1552 Jovis
626 1482 739 1575 oscula
755 1483 837 1555 libat

83 1605 249 1700 Simplex,
266 1621 299 1674 et
318 1603 467 1674 noudum
486 1603 583 1673 furtis
598 1603 729 1675 offensa
750 1608 871 1676 mariti.

18 1775 22 1782 ·
83 1732 156 1798 Hoc
173 1742 253 1796 tunc
272 1724 433 1821 Argolicae
450 1740 603 1793 sanctum
622 1723 785 1795 velamine
802 1741 925 1797 matres

83 1849 267 1918 Induerant
284 1848 384 1931 ebur,
402 1861 435 1914 et
451 1843 605 1939 lacrymis
623 1862 811 1939 questuque
830 1848 993 1943 rogabant
1008 1875 1016 1916 :

133 1966 310 2061 «Adspice
330 1963 506 2058 sacrilegas
525 1964 679 2034 Cadmeae
698 1965 824 2059 pellicis
842 1992 952 2054 arces,

84 2086 211 2156 Siderei
232 2087 349 2181 regina
368 2083 456 2178 poli,
474 2084 706 2178 tumulumque
725 2086 881 2156 rebellem

84 2209 225 2301 Disjice,
242 2222 275 2276 et
296 2207 331 2273 iu
348 2205 479 2274 Thebas
496 2203 603 2291 aliud,
620 2221 732 2299 potes,
751 2224 869 2278 excute
888 2209 1025 2282 fulmen.
1044 2243 1061 2278 n

132 2327 226 2418 Quid
244 2324 362 2395 faciat?
380 2327 441 2394 scit
455 2324 521 2394 sata
539 2327 606 2395 suis
620 2329 787 2396 contraria
801 2331 926 2415 Graiis,

86 2456 313 2540 Aversumque
327 2449 444 2515 lovem
463 2472 471 2515 :
490 2445 549 2514 sed
567 2471 628 2516 nec
643 2450 781 2542 periisse
798 2466 954 2544 precatus

83 2550 254 2662 Tantaque
275 2566 362 2636 dona
379 2565 459 2634 velit
479 2591 486 2634 :
508 2582 641 2660 tempus
659 2583 769 2638 tamen
790 2572 886 2663 obvia
905 2575 1018 2668 magni

85 2696 164 2760 Fors
182 2689 273 2757 dedit
287 2687 399 2756 auxilii
416 2712 424 2755 ι
443 2687 534 2755 videt
551 2685 619 2756 alto
634 2713 674 2757 ex
690 2691 813 2759 aethere
832 2690 944 2760 clausa

84 2812 225 2895 Moenia,
247 2824 280 2878 et
297 2809 440 2878 insomni
460 2804 582 2876 vallum
597 2809 739 2876 statione
754 2812 870 2878 teneri.

84 2933 223 3001 Horruit
235 2932 360 2999 irarum
382 2925 540 3015 stimulis,
555 2942 715 3021 motaque
736 2927 919 2998 verendum

83 3051 243 3120 Turbavit
261 3048 411 3118 diadema
430 3073 524 3119 corna
543 3075 550 3116 :
571 3073 638 3117 non
654 3050 770 3117 saevius
788 3051 883 3138 arsit,

83 3171 254 3241 Herculeae
272 3193 377 3264 quum
398 3171 513 3237 matris
533 3194 636 3255 onus,
658 3171 875 3265 geminosque
894 3173 1054 3240 Tonantis

83 3293 288 3361 Concubitus
308 3291 422 3359 vacuis
443 3289 675 3385 indignaretur
688 3292 723 3360 iu
741 3293 848 3361 astris.

82 3417 173 3508 Ergo
191 3416 390 3510 intempesta
411 3413 521 3484 somni
539 3410 716 3483 dulcedine
734 3428 848 3507 captos

81 3535 237 3603 Destinat
252 3532 377 3603 Aonios
393 3532 461 3603 leto
479 3532 626 3627 praebere
644 3558 823 3630 :suamque

82 3652 230 3724 Orbibus
250 3656 377 3748 accingi
395 3653 500 3724 solitis
516 3655 613 3747 jubet
630 3656 715 3741 Irin,
732 3671 765 3725 et
786 3681 886 3726 omne

81 3773 221 3844 Mandat
237 3797 322 3865 opus
340 3800 348 3842 ι
366 3790 460 3867 paret
472 3776 572 3868 jussis
592 3778 662 3844 Dea
682 3774 787 3861 clara,
808 3777 990 3872 polumque

83 3897 241 3991 Linquit,
263 3896 348 3962 etin
370 3909 475 3964 terras
493 3894 594 3990 longo
613 3897 829 3991 suspenditur
843 3924 932 3968 arcu.

131 4019 205 4087 Stat
222 4039 323 4109 super
342 4015 488 4084 occidua
505 4014 665 4087 nebulosa
682 4016 803 4087 cubilia
822 4021 947 4106 noctis,
