2812 5258
184 405 219 461 36
538 402 567 453 P.
588 400 708 454 PUBLII
729 396 850 451 smu
1129 397 1213 447 (ιω-ἱ

184 530 435 620 spectatumque
452 522 524 588 urbi
542 520 664 607 scelus,
681 533 713 587 et
730 515 854 611 puerile
870 514 1025 581 feretrum

182 642 341 726 Produxi3
358 653 391 707 et
406 663 506 706 saevos
523 639 667 705 damnati
687 637 792 704 thuris
809 656 960 715 acervos,

183 759 436 848 Plorantemque
456 757 598 823 animam
615 778 714 846 supra
729 776 787 819 sua
804 751 919 818 funera
934 747 1001 814 vidi
1019 773 1027 814 ε
1112 780 1115 787 ·

185 881 295 969 Teque
311 890 442 968 patrum
460 876 598 968 gemitus
615 885 837 965 superantem,
853 882 885 935 et
902 866 1035 933 brachia
1051 879 1216 953 matrum,

187 994 470 1087 Complexumque
486 1016 601 1084 rogos,
619 992 792 1083 ignemque
809 987 940 1053 haurire
957 997 1129 1077 parantem

188 1115 252 1180 Vix
269 1113 359 1179 tenui
374 1108 487 1178 similis
504 1133 627 1192 comes,
646 1105 834 1197 offendique
853 1102 1006 1171 tenendo.

189 1232 230 1297 Et
245 1254 334 1296 nunc
351 1228 450 1323 (heu)
467 1229 573 1312 vittis,
590 1239 623 1293 et
640 1225 756 1292 frontis
774 1223 899 1291 honore
917 1220 1039 1309 soluto,

189 1346 352 1413 Infaustus
368 1360 471 1430 vates,
488 1371 570 1413 vexo
586 1369 659 1411 mea
677 1356 809 1436 pectora
828 1356 935 1409 tecum
953 1366 961 1408 ε

191 1461 316 1557 Plango
333 1462 412 1556 lyra.
431 1461 496 1532 En!
514 1463 588 1530 duri
604 1463 755 1530 comitem
774 1461 962 1551 sociumque
978 1457 1102 1526 doloris

192 1580 245 1673 (Si
262 1583 385 1666 merui,
401 1578 571 1672 luctusque
591 1581 637 1646 tui
652 1580 817 1646 consortia
833 1577 936 1671 sensi)

193 1701 264 1765 Jam
282 1694 363 1764 lenis
380 1698 505 1788 patiare
522 1721 647 1789 precor.
667 1699 722 1763 Me
739 1694 875 1761 fulmine
893 1696 927 1760 in
945 1697 1017 1789 ipso
1035 1747 1040 1764 .

195 1814 360 1883 Audivere
378 1828 485 1905 patres
503 1839 510 1879 :
531 1838 592 1906 ego
607 1815 700 1905 juxta
718 1812 812 1879 busta
829 1812 970 1903 profusis

194 1930 371 2016 Matribus,
390 1944 487 2021 atque
506 1931 567 2022 piis
586 1931 689 1997 cecini
707 1927 821 1996 solatia
839 1931 941 2014 natis,

195 2051 237 2117 Et
255 2048 357 2132 mihi;
373 2072 475 2140 quum
493 2049 641 2140 proprios
659 2070 822 2141 gemerem
838 2045 982 2115 delectus
997 2045 1040 2113 ad
1056 2046 1152 2141 ignes

197 2164 345 2258 (Quem,
362 2163 527 2258 Natural)
544 2166 681 2258 patrem.
699 2167 769 2234 Nec
786 2179 818 2231 te
834 2162 945 2257 lugere
961 2189 1094 2233 severus

197 2285 317 2371 Arceo,
334 2282 391 2351 sed
406 2283 518 2350 confer
534 2285 686 2376 gemitus,
702 2284 889 2376 pariterque
905 2281 1049 2350 fleamus.

231 2398 577 2490 ‚Jamdudumaignos
593 2400 717 2484 aditus,
734 2396 933 2492 laudumque
949 2415 1097 2486 tuarum,

199 2520 230 2586 Ο
248 2518 364 2585 merito
380 2513 497 2582 dilecte
513 2539 606 2607 puer,
623 2517 802 2608 primordia
818 2543 964 2610 quaerens

199 2635 383 2704 Distrahor.
402 2635 488 2702 Hinc
504 2636 583 2702 anni
599 2648 719 2702 stantes
737 2637 771 2702 in
789 2633 901 2704 limine
916 2639 1006 2724 vitae,

199 2755 284 2821 Hinc
300 2777 353 2820 me
369 2753 474 2821 forma
490 2754 593 2845 rapit,
609 2755 694 2846 rapit
710 2752 787 2821 inde
804 2754 963 2823 modestia
982 2779 1129 2849 praeoox,

200 2874 242 2938 Et
259 2870 377 2962 pudor,
394 2883 426 2938 et
442 2886 555 2937 tenero
571 2870 715 2963 probitas
732 2874 892 2940 maturior
906 2897 985 2941 aevo.

201 2990 232 3056 Ο
252 2987 308 3053 ubi
323 3010 491 3080 purpureo
507 2986 647 3055 suffusus
661 2987 823 3082 sanguine
839 2989 974 3076 candor,

201 3102 389 3195 Sidereique
408 3104 522 3190 orbes,
540 3103 728 3197 radiataque
744 3105 868 3176 lumina
884 3106 983 3196 coelo,

201 3223 243 3289 Et
260 3222 422 3314 castigatae
438 3220 574 3290 collecta
590 3223 748 3292 modestia
765 3225 897 3313 frontis,

203 3336 407 3430 Ingenuique
423 3364 520 3433 super
537 3342 658 3426 crines,
675 3340 846 3435 mollisque
862 3344 986 3414 decorae
1045 3382 1047 3387 >

202 3456 319 3548 Margo
335 3455 453 3524 comae?
469 3455 598 3526 blandis
614 3460 747 3527 ubinam
764 3485 821 3529 ora
839 3477 955 3557 arguta
972 3461 1129 3556 querelis,

203 3570 389 3664 Osculaque
406 3573 557 3667 impliciti
573 3600 691 3645 vernos
707 3579 888 3649 redolentia
903 3581 1018 3668 flores,

203 3691 244 3757 Et
260 3690 369 3758 mixtae
383 3692 451 3758 risu
467 3688 632 3785 lacrymae,
649 3697 842 3790 penitusque
858 3698 1019 3791 loquentis

197 3805 343 3898 ‚Hyblaeis
358 3833 421 3876 vox
439 3810 538 3878 tincta
556 3813 655 3883 favis?
671 3816 724 3883 cui
741 3815 833 3883 sibila
849 3841 982 3910 serpens

202 3923 358 4011 Poneret,
374 3941 407 3993 et
423 3950 513 3994 saevae
527 3927 647 3997 vellent
664 3934 785 4000 servire
801 3958 957 4002 novercae.
