2812 5258
358 464 397 519 IN
418 466 447 519 P.
469 466 499 519 P.
519 463 642 518 STATll
663 463 770 517 THEB.
791 464 860 518 LIB.
882 464 945 520 Vll.
1113 460 1166 537 3¹7

132 573 242 656 ubique
256 581 407 648 habeatur3
422 598 475 635 nec
495 579 585 634 sonna
605 579 687 650 justa.
705 579 796 634 codd.
816 581 951 654 aliquot:
973 581 1089 648 Midee,
1110 601 1169 656 quo

136 681 164 727 et
173 672 293 728 aliorum
307 671 505 744 corruptiones
519 670 638 725 ducunt.
653 669 842 725 Scribendum
850 672 959 726 Midea.
974 673 1008 726 V.
1019 671 1057 726 ad
1071 690 1112 742 rr,
1122 674 1168 739 48.

176 762 241 835 Qua
259 776 353 819 noster
363 764 422 818 obit
434 761 471 839 (v.
488 760 566 837 334).
581 762 668 830 «Qua
683 780 718 816 ex
731 762 845 817 Boeotio
860 773 941 834 parte
959 762 1100 818 recedit.»

1005 856 1105 913 Gnoso.

174 947 271 1002 Pisces
287 944 325 1024 (v.
342 945 419 1024 337).
439 948 530 1002 Doote
543 948 672 1002 Gronov.
691 945 787 1012 0bss.‚
802 964 830 1018 p.
849 953 905 1013 sla
926 945 1003 1017 conj.
1012 949 1121 1020 pristes
1134 965 1168 1003 ex

135 1037 231 1113 virg„
250 1040 361 1096 AEneid.
372 1078 382 1106 ,
401 1058 436 1108 x,
457 1055 514 1092 aro
530 1056 571 1110 sq.

175 1131 376 1205 Coryciumque
406 1148 505 1185 nemus
532 1127 570 1204 (v.
596 1125 675 1204 348).
700 1127 848 1197 «Quidam
873 1129 1011 1204 Ogygium
1040 1132 1169 1206 legunt.»

133 1223 218 1278 Leon.
232 1225 317 1278 Male.

175 1317 355 1370 Immietas...
367 1314 462 1366 lauros
475 1308 513 1387 (v.
530 1308 608 1388 351).
622 1313 676 1366 ΜΒ
691 1331 698 1365 2
714 1311 844 1366 ruteaetos.
854 1313 965 1389 -Seq.
984 1335 1010 1370 v.
1031 1318 1169 1390 Peyrare-

133 1405 187 1460 dus
207 1404 333 1459 correxit
352 1423 358 1457 :
379 1429 391 1452 s
403 1403 448 1458 vel
465 1403 571 1476 queri...
593 1402 698 1458 laxavit
710 1403 893 1475 pharetras,»
914 1405 934 1460 i.
949 1424 973 1461 e.
991 1406 1022 1461 in
1035 1426 1120 1481 quas,
1134 1407 1171 1464 de

133 1495 240 1550 Niobes
252 1497 342 1568 prole.
357 1494 430 1550 Vide
450 1495 535 1548 Lacr.

175 1589 301 1644 Clousism
316 1588 353 1665 (v.
371 1586 447 1666 369).
464 1587 597 1643 Restituit
615 1588 671 1643 hoc
688 1591 816 1644 Gronov.
831 1608 865 1644 ex
889 1590 1013 1666 vestigiis
1031 1590 1170 1646 librorum

134 1679 211 1734 varie
225 1690 435 1753 corruptorum.
456 1679 588 1752 Optimus
608 1678 668 1750 ejus
688 1679 762 1735 clare
779 1700 785 1734 :
800 1679 937 1739 chromin.
953 1683 987 1736 V.
1003 1681 1040 1736 ad
1056 1701 1083 1736 v.
1104 1701 1170 1752 7¹¹·

175 1771 312 1843 Ss'cfatus
320 1811 329 1838 ,
344 1784 372 1826 et
383 1769 421 1847 (r.
439 1769 515 1846 390).
531 1770 819 1846 «Legendumsatur‚
835 1784 879 1840 et,
894 1792 928 1829 ex
940 1773 1053 1846 optimis
1062 1772 1171 1828 libris.»

134 1866 243 1919 Busan.
261 1863 317 1919 Sed
331 1865 476 1938 vulgatum
492 1861 590 1917 melius
599 1873 628 1918 et
639 1864 723 1934 plane
737 1863 1052 1922 statianum-Paullo
1069 1875 1136 1938 post
1153 1882 1171 1920 a

134 1955 194 2027 ejus
215 1975 222 2008 ε
242 1980 253 2004 ι
270 1955 365 2010 medio
380 1972 451 2028 quas
464 1972 581 2028 corpore
593 1953 672 2010 sistat
684 1972 746 2023 ,sa
763 1973 865 2026 manu,
879 1955 992 2029 opinor,
1011 1955 1100 2012 critici
1118 1956 1172 2012 ali·
1283 1994 1288 2015 s

134 2065 223 2120 ciuus.
1126 2107 1129 2111 .

173 2142 276 2194 Femur
286 2140 364 2194 diros
375 2139 498 2194 monitus
512 2136 548 2212 (v.
560 2136 639 2213 404).
647 2137 774 2208 waleet,
786 2138 850 2196 Silo.
864 2142 923 2195 crit.
932 2180 941 2206 ,
950 2141 1007 2196 vol.
1017 2159 1045 2210 v,
1054 2159 1082 2214 p.
1098 2142 1171 2198 108:

132 2243 237 2287 serunt.
252 2231 334 2287 Cont‘.
351 2230 388 2285 ad
402 2249 481 2299 vus,
501 2229 547 2285 26.

174 2323 324 2395 Confusam
339 2321 377 2400 (v.
394 2319 470 2398 419).
492 2346 504 2370 α
514 2319 743 2391 Moestificatum‚
761 2322 991 2379 contristatum.»
1006 2326 1104 2379 Gsoss.

173 2417 317 2471 Anonos...
336 2415 415 2469 dedit
428 2412 464 2488 (r.
479 2420 534 2482 lap
550 2411 613 2486 sq.).
628 2415 715 2469 Recte
732 2414 768 2470 de
786 2438 801 2465 e
811 2415 1011 2472 incrementis»
1026 2435 1062 2472 ex
1075 2415 1170 2488 pluvia

132 2509 176 2563 vel
194 2508 259 2562 nive
273 2507 303 2561 in
317 2506 458 2561 montium
481 2505 638 2560 cervicibus
650 2507 745 2561 soluta
757 2506 895 2563 intellexit
908 2510 986 2564 Lact.
1002 2511 1037 2564 V.
1051 2511 1171 2563 ΜΑιιι..

132 2601 173 2653 od
187 2600 251 2654 Silv.
258 2638 267 2664 ,
283 2618 310 2667 v,
330 2598 357 2666 3,
375 2616 426 2667 171
439 2639 446 2665 ‚
461 2597 511 2670 qni
524 2615 578 2669 pro
592 2597 678 2650 nubes
691 2597 770 2652 malit
786 2599 865 2653 tabes
873 2639 882 2665 ,
902 2600 984 2672 qnod
997 2618 1057 2655 non
1070 2616 1170 2654 neces-

133 2691 252 2760 sarium
266 2676 317 2745 sed
329 2699 416 2762 poeta
430 2687 544 2762 dignius
557 2686 638 2760 quod
652 2687 727 2743 idem
740 2689 893 2760 proponit,
907 2691 1028 2743 numinis
1040 2708 1096 2763 pro
1103 2688 1170 2759 flu-

133 2799 224 2835 mmu.

174 2873 302 2946 Fecitque
325 2874 430 2928 uadum
457 2869 495 2948 (v.
520 2867 595 2944 439).
624 2868 659 2923 Id
684 2878 726 2924 est
746 2869 942 2925 transmeabile
964 2870 1094 2942 exemplo
1117 2886 1170 2924 suo

134 2962 258 3019 ostendit
278 2959 392 3018 flumen.
409 2963 506 3018 Minus
524 2972 620 3016 coacte
633 2961 688 3015 ΜΒ
702 2969 730 3014 et
747 2958 817 3015 alius
832 2979 839 3014 ε
854 2960 999 3034 «lecitque
1019 2961 1129 3015 uiam.»

174 3058 277 3110 loco...
292 3053 522 3125 natmofhvebat
535 3050 572 3129 (r.
591 3049 668 3130 447).
685 3053 740 3107 ΜΒ
755 3071 762 3105 :
777 3053 838 3106 loci.

175 3147 312 3222 Suprema
328 3157 479 3219 parantem
499 3142 537 3221 (v.
562 3142 640 3222 453).
659 3143 814 3218 Langnide.
830 3146 938 3200 Verum
960 3145 1061 3217 procul
1078 3143 1170 3200 dubio

135 3240 216 3314 qnod
236 3238 399 3311 conjectura
415 3235 524 3293 invenlt
541 3236 702 3292 Bernartius
721 3245 749 3290 et
771 3233 949 3292 confirmavit
967 3238 1021 3293 ΜΒ
1039 3256 1046 3290 :
1068 3254 1170 3310 «supr.

25 3368 30 3381 .
133 3342 291 3406 paventem
311 3356 323 3379 u

174 3425 281 3478 Rumor
291 3423 392 3496 ubspue
405 3424 478 3477 altres
485 3462 495 3490 ,
506 3425 660 3497 pluresque
673 3419 710 3498 (v.
728 3419 804 3496 457).
815 3420 893 3492 Quid
906 3420 953 3475 hic
968 3437 1064 3474 runsor
1073 3421 1172 3474 altus?

135 3516 262 3571 Gronov.
280 3526 308 3571 et
317 3513 379 3570 Nic.
393 3514 524 3572 Heinsius
539 3534 546 3568 ε
561 3516 643 3569 alius.
657 3515 714 3570 Sed
727 3513 922 3588 recipiendum
938 3522 998 3567 erat
1012 3511 1094 3585 quod
1109 3512 1169 3583 jam

137 3606 266 3662 Barthius
277 3624 377 3662 verum
385 3605 587 3679 pronunciavit
597 3625 604 3660 ε
615 3629 627 3655 u
637 3607 712 3661 alios
719 3606 874 3680 pluresque
881 3628 908 3674 ‚s
918 3603 961 3658 uti
973 3601 1100 3658 scribunt
1112 3603 1168 3657 ΜΒ

137 3706 165 3752 et
183 3699 240 3755 ΡΒ.

179 3789 234 3842 Hei
251 3791 312 3863 quis
325 3789 363 3866 (v.
380 3787 457 3866 490).
476 3788 568 3844 Codd.
587 3787 703 3861 quidam
722 3791 772 3844 eei
784 3808 812 3860 q.
821 3828 831 3856 ,
842 3811 857 3839 s
871 3789 906 3842 al.
925 3797 975 3840 «et
996 3805 1065 3859 q.,u
1085 3781 1170 3839 adid

138 3881 272 3936 ducentes
287 3882 368 3954 quod
382 3884 456 3937 clare
469 3879 574 3954 legitur
586 3878 615 3933 in
628 3882 689 3935 Put.
707 3900 714 3935 :
729 3882 837 3954 ecquis,
858 3896 942 3946 vere,
959 3877 1071 3949 opinor.

178 3971 323 4047 OEdspode
330 3970 369 4048 (v.
380 3968 713 4048 513).1tecteweberus:
724 3969 953 4047 «corrigendum
958 3968 1072 4023 videtur
1082 3966 1171 4022 ouda·-

135 4066 214 4138 poda
228 4082 263 4119 ex
275 4064 388 4120 &nece
399 4061 527 4135 oedip,
536 4060 625 4136 943.»
