2812 5258
282 504 336 541 202
584 478 790 534 runnamos
810 477 918 531 arnna
937 476 975 529 11.
1183 477 1220 535 (ι.
1233 476 1305 537 2³3.)

273 604 484 701 .Virginitatis
500 626 601 687 amor,
617 602 793 693 primaeque
812 597 973 665 modestia
989 593 1093 688 culpae

279 725 458 795 Confundit
475 718 608 790 vultus:
626 735 704 787 tunc
721 742 778 786 ora
797 719 945 810 rigantur
961 714 1105 783 honestis

278 843 459 929 Imbribus,
476 854 510 908 et
527 854 654 907 teneros
670 835 818 928 lacrymae
834 835 949 927 juvere
964 846 1126 927 parentes.

328 962 403 1029 Non
422 984 514 1028 secus
529 982 567 1025 ac
582 978 699 1048 supero
717 955 840 1047 pariter
854 953 881 1020 si
900 950 1032 1020 cardine
1046 949 1146 1044 lapsae

279 1077 385 1147 Pallas
402 1094 435 1147 et
450 1078 594 1171 asperior
607 1074 720 1143 Phoebi
738 1096 841 1159 soror,
860 1085 999 1164 utraque
1016 1068 1105 1157 telis,

278 1201 425 1289 Utraque
442 1210 533 1263 torva
551 1195 657 1288 genis,
676 1192 824 1284 flavoque
842 1192 875 1257 in
893 1190 1015 1257 vertice
1031 1188 1134 1276 nodo,

278 1312 340 1383 Illa
357 1339 430 1383 suas
449 1315 581 1406 Cyntho
598 1313 734 1381 comites
751 1323 842 1403 agat,
858 1309 926 1376 haec
942 1308 1150 1401 Aracyntho:

277 1436 385 1518 Tunc,
401 1432 428 1499 si
442 1431 489 1499 fas
507 1428 625 1518 oculis,
641 1452 868 1521 nonunquam
885 1425 983 1520 longa
998 1427 1121 1496 tuendo

277 1549 454 1644 Expedias,
476 1550 530 1618 cui
545 1550 649 1641 major
665 1549 784 1633 honos,
802 1548 854 1615 cui
874 1547 1008 1641 gratior,
1025 1561 1083 1616 aut
1099 1544 1176 1640 pius

278 1671 329 1738 De
347 1672 442 1752 Jove,
461 1681 668 1756 mutatosque
683 1664 783 1734 velint
800 1680 1004 1733 transumere
1020 1663 1149 1753 cultus,

277 1791 320 1855 Et
337 1784 440 1854 Pallas
458 1785 569 1853 deceat
585 1785 771 1876 pharetras,
792 1798 825 1852 ct
842 1783 936 1853 Delia
953 1785 1077 1853 cristas.

328 1908 463 1973 Certant
481 1902 603 1990 latitia,
619 1927 820 1996 superosque
835 1904 868 1971 in
886 1918 962 1972 vota
976 1903 1117 1997 fatigant

277 2023 455 2111 Inachidae,
472 2046 544 2118 quae
558 2024 676 2114 cuique
692 2021 824 2110 domus,
842 2024 990 2115 sacrique
1006 2018 1157 2092 facultas.

279 2143 322 2210 Hi
341 2141 450 2229 fibris,
467 2146 638 2237 animaque
655 2138 767 2226 litant,
786 2142 821 2208 hi
838 2143 958 2233 cespite
978 2139 1081 2225 nudo,

278 2260 348 2329 Ncc
364 2262 472 2328 minus
488 2262 589 2329 auditi
607 2262 674 2355 (sic
687 2286 777 2329 mens
795 2274 927 2354 accepta
943 2272 1089 2328 meretur

278 2379 388 2448 Thure
402 2380 518 2469 Deos),
536 2380 711 2472 fractisque
727 2380 910 2448 obtendunt
930 2378 1042 2448 limina
1061 2376 1163 2449 silvis

325 2502 409 2566 Ecce
427 2510 517 2564 metu
537 2497 661 2581 subito,
678 2498 832 2565 Lachesis
849 2501 895 2566 sic
912 2498 983 2565 dira
996 2498 1152 2591 jubebat,

275 2613 426 2709 Impulsae
445 2628 584 2700 mentes3
605 2640 805 2706 excussaque
823 2617 940 2709 gaudia
957 2618 1073 2712 patris,

278 2739 322 2804 Et
341 2733 469 2803 turbata
486 2733 577 2802 dies:
594 2734 765 2827 innuptam
783 2732 906 2803 iumine
923 2735 1058 2805 adibant

279 2850 431 2935 Pallada3
447 2852 635 2945 Munychiis
651 2854 703 2920 cui
722 2878 788 2920 non
803 2855 925 2946 Argiva
942 2879 1001 2947 per
1015 2856 1116 2925 urbes

276 2970 465 3043 Posthabito
483 2986 533 3039 est
550 2973 679 3039 Larissa
692 2972 802 3065 jugis:
821 2974 874 3041 hic
891 2996 981 3041 more
999 2988 1175 3065 parentum

277 3092 412 3179 Iasides,
431 3088 581 3161 thalamis
601 3090 657 3161 nbi
673 3105 761 3163 casta
779 3090 978 3165 adolesceret
991 3109 1087 3185 etas,

275 3211 448 3303 Virgineas
465 3210 567 3279 libare
584 3237 712 3300 comas,
730 3216 918 3308 primosque
936 3213 1083 3284 solebant

277 3330 440 3394 Excusare
458 3343 568 3398 toros:
585 3332 702 3401 celsam
720 3333 933 3401 subeuntibus
949 3358 1057 3403 arcem

274 3446 313 3510 In
336 3443 489 3537 gradibus
509 3451 627 3516 summi
644 3448 812 3541 delapsum
828 3448 968 3520 culmine
989 3452 1102 3547 templi

274 3561 420 3630 Arcados
436 3564 555 3656 Euippi
571 3565 710 3657 spolium
729 3568 816 3635 cedit
833 3592 936 3637 aereus
952 3571 1055 3659 orbis;

274 3682 523 3772 Praemissasquc
538 3681 639 3768 faces,
658 3684 776 3753 festum
793 3687 990 3759 nubentibus
1009 3692 1136 3784 ignem,

274 3797 410 3886 Obruit,
427 3823 509 3892 eque
524 3799 628 3892 adytis
644 3802 740 3870 simul
759 3806 910 3875 exaudita
921 3802 1061 3878 ¹remotis

274 3915 430 3985 Nondum
448 3942 542 3986 ausos
559 3918 687 3988 firmare
704 3923 841 4014 gradum
861 3927 940 3993 tuba
956 3930 1072 3997 terruit
1095 3931 1230 4027 ingens.

321 4038 361 4103 ln
376 4059 485 4127 regem
504 4040 652 4106 conversi
670 4064 781 4109 omnes
797 4042 968 4113 formidine
986 4048 1112 4139 prima,
