2812 5258
340 483 391 532 ¹7⁰
654 462 863 518 Tnasautos
883 462 994 519 LIBER
1016 463 1037 516 1.
1267 462 1301 523 (r.
1314 463 1372 525 23.)

335 592 442 675 Quem
460 613 546 656 nova
563 589 681 655 maturi
701 589 895 656 subeuntem
912 611 1027 655 exorsa
1046 585 1190 679 parentis

336 708 505 774 AEternum
524 707 585 774 sibi
602 710 709 775 Roma
726 708 840 798 cupit:
859 703 934 773 licet
951 706 1071 773 arctior
1087 728 1201 773 omnes

334 825 443 892 Limes
461 840 537 919 agat
555 823 684 912 stellas,
703 841 735 893 et
752 839 785 891 te
806 823 902 917 plaga
917 823 1026 892 lucida
1044 823 1117 892 ooeli

335 940 525 1034 Pleiadum,
544 946 739 1036 Boreaque,
759 955 791 1010 et
810 940 910 1009 hiulci
930 939 1075 1010 fulminis
1094 965 1208 1034 expers

335 1063 514 1149 Sollicitet;
533 1063 607 1131 licet
624 1060 813 1156 ignipedum
832 1060 976 1127 frenator
994 1084 1155 1151 equorum

334 1185 408 1276 Ipse
429 1184 492 1250 tuis
511 1181 575 1250 alte
595 1182 775 1249 radiantem
791 1179 935 1247 crinibus
954 1203 1068 1246 arcum

334 1302 523 1393 Imprimat,
541 1313 598 1369 aut
617 1300 726 1392 magni
744 1296 837 1366 cedat
853 1297 912 1365 tibi
929 1297 1080 1389 luppiter
1095 1320 1187 1390 aequa

333 1419 429 1485 Parte
446 1416 533 1511 poli3
553 1441 686 1485 maneas
702 1416 872 1484 hominum
892 1428 1065 1484 contentus
1083 1414 1238 1502 habenis,

334 1535 506 1605 Undarum
526 1550 684 1626 terraeque
699 1549 830 1627 potens,
847 1548 880 1601 et
899 1533 1006 1601 sidera
1024 1532 1133 1601 dones.

333 1658 475 1746 Tempus
492 1656 573 1741 erit,
590 1677 665 1720 cum
685 1654 790 1720 Pierio
811 1666 868 1720 tua
883 1651 1001 1719 sortior
1015 1664 1114 1719 oestro

335 1777 430 1840 Facta
447 1797 584 1840 canam:
601 1796 688 1840 nunc
703 1771 800 1839 tendo
816 1769 943 1859 chelyn.
957 1771 1042 1838 Satis
1057 1793 1147 1838 arma
1164 1769 1291 1840 referre

333 1893 458 1980 Aonia,
479 1908 512 1959 et
530 1892 665 1985 geminis
684 1905 850 1984 sceptrum
870 1889 999 1958 exitiale
1019 1892 1185 1982 tyrannis,

334 2012 402 2079 Nec
418 2011 512 2080 furiis
531 2024 604 2103 post
621 2011 687 2078 fata
705 2009 859 2096 modurn,
876 2008 1089 2102 flammasque
1105 2007 1244 2079 rebelles

334 2128 499 2197 Seditione
515 2131 605 2223 rogi,
623 2126 822 2222 tumulisque
840 2128 985 2195 carentia
1005 2152 1118 2221 regum

334 2251 479 2333 Funera,
499 2261 531 2315 et
546 2261 669 2341 egestas
687 2245 820 2314 alternis
838 2246 997 2314 mortibus
1017 2246 1124 2314 urbes.

332 2362 463 2431 Coeruln
479 2389 581 2456 quum
597 2365 709 2432 rubuit
728 2368 863 2432 Lernaeo
878 2367 1037 2458 sanguine
1054 2366 1169 2451 Dirce,

331 2485 373 2549 Et
389 2482 504 2550 Thetis
521 2495 648 2549 arentes
668 2494 831 2550 assuetum
846 2484 1005 2576 stringere
1021 2484 1125 2576 ripas,

331 2602 469 2669 Horruit
486 2600 611 2694 ingenti
631 2601 815 2667 venientem
833 2604 987 2669 Ismenon
1004 2626 1129 2669 acervo.
1196 2650 1202 2655 -

332 2721 440 2808 Quem
460 2719 550 2812 prius
569 2719 726 2803 heroum,
747 2717 837 2802 Clio,
854 2717 969 2787 dabis?
989 2719 1200 2789 immodicum
1212 2703 1280 2791 ¹irae

330 2836 461 2930 Tydea?
477 2835 632 2931 laurigeri
647 2837 771 2906 subitos
788 2862 830 2906 an
850 2839 931 2906 vatis
946 2837 1077 2907 hiatus?

331 2957 435 3048 Urget
452 2968 485 3022 et
501 2954 649 3023 hostilem
667 2953 852 3048 propellens
870 2956 1011 3026 caedibus
1025 2982 1156 3027 amnem

331 3075 496 3142 Turbibus
512 3075 761 3167 Hippomedon,
781 3073 1003 3168 plorandaque
1017 3075 1102 3145 bella
1119 3081 1268 3170 protervi

330 3192 493 3280 Arcados,
514 3209 612 3286 atque
628 3191 692 3263 alio
710 3197 883 3288 Capaneus
904 3195 1040 3263 horrore
1059 3195 1238 3266 canendus.

376 3314 481 3404 Impia
494 3312 563 3403 jam
585 3314 701 3380 merita
721 3326 884 3380 scrutatus
901 3309 1026 3381 lumina
1043 3313 1156 3382 dextra

329 3432 491 3498 Merserat
511 3442 631 3496 aeterna
648 3427 840 3499 damnatum
858 3446 954 3500 nocte
972 3432 1129 3526 pudorem

328 3546 535 3641 OEdipodes,
555 3544 718 3640 longaque
737 3551 880 3616 animam
896 3550 956 3618 sub
973 3566 1078 3619 morte
1094 3552 1240 3620 tenebat.

327 3662 424 3731 Illum
442 3662 666 3760 indulgentem
684 3666 847 3752 tenebris,
865 3668 1000 3760 imaeque
1018 3693 1144 3738 recessu
1243 3746 1249 3755 ,

328 3781 434 3866 Sedis,
452 3784 635 3877 inaspectos
655 3781 752 3868 coelo,
772 3784 934 3877 radiisque
951 3802 1083 3879 penates

327 3905 536 3989 Servantem,
554 3919 665 3970 tamen
685 3902 820 3974 assiduis
835 3905 1048 3975 circumvolat
1068 3905 1127 3975 alis

327 4024 417 4088 Saeva
433 4021 501 4089 dics
521 4023 642 4111 animi,
660 4023 882 4116 scelerumque
896 4023 930 4090 in
949 4039 1081 4118 pectore
1100 4025 1199 4095 Dirae.
