2812 5258
391 745 447 847 P.
477 747 533 848 P.
565 746 805 851 STATII

268 1074 934 1256 SILVARUM

463 1459 654 1546 LIBER
686 1464 738 1548 V.

526 1785 677 1801 t*-

377 2033 438 2100 AD
462 2033 782 2103 ABASCANTIUM.

92 2278 278 2411 Osmmm
298 2334 468 2404 affectibus
489 2320 713 2430 pmseqdenda
736 2354 811 2408 sunt
834 2340 921 2409 bone
943 2343 1106 2438 exempla,

92 2481 193 2548 quum
213 2452 341 2548 publice
360 2456 496 2547 prosint.
515 2456 640 2539 Pietas,
656 2479 754 2550 quam
775 2457 927 2528 Priscillae
947 2474 1009 2530 tuae
1025 2487 1107 2555 prae·

92 2588 171 2660 stas,
185 2587 217 2642 et
233 2598 362 2643 morum
380 2586 510 2641 tuorum
527 2597 603 2665 pars
616 2587 680 2661 est,
698 2589 732 2642 et
746 2572 828 2643 nulli
848 2601 915 2646 non
933 2579 1108 2649 conciliare

93 2708 138 2776 te,
156 2696 319 2786 praecipue
335 2693 468 2779 marito,
483 2706 598 2785 potest.
614 2695 758 2762 Uxorem
773 2696 861 2761 enim
874 2696 983 2762 vivam
998 2720 1108 2767 amare

92 2809 240 2905 voluptas
259 2826 326 2897 est,
346 2809 531 2879 defunctam
552 2809 677 2902 religio.
700 2814 771 2902 Ego
791 2824 900 2878 tamen
921 2813 998 2880 huic
1016 2817 1107 2906 operi

93 2956 159 2999 non
171 2945 208 2999 ut
221 2954 336 2998 unuse
352 2928 463 3013 turba,
477 2952 538 2996 neo
551 2941 679 2995 tentum
692 2929 784 3020 quasi
799 2927 960 2998 officiosus
972 2931 1083 3003 assidui
1097 2958 1106 3001 ε
1183 2989 1185 2995 .

91 3051 212 3118 amavit
233 3050 318 3116 enim
342 3072 479 3117 uxorem
503 3070 609 3114 meam
633 3045 796 3133 Priscilla,
818 3060 851 3115 et
871 3047 1011 3115 amando
1031 3048 1107 3118 fecit

93 3169 171 3238 mihi
184 3166 273 3238 illam
287 3168 529 3261 probatiorem:
543 3180 617 3258 post
628 3166 696 3233 hoc⁴
704 3165 849 3258 ingratus
864 3190 951 3252 sum,
965 3169 990 3236 si
1006 3165 1107 3261 lacry-

91 3312 159 3354 mas
181 3302 252 3355 tuas
274 3301 414 3357 transeo.
436 3289 615 3372 Praeterea,
634 3281 719 3352 latus
738 3307 835 3351 omne
853 3284 972 3353 divinae
991 3284 1107 3356 domus

92 3429 220 3497 semper
239 3404 397 3473 demereri
418 3428 481 3498 pro
503 3427 577 3472 mea
599 3400 824 3470 mediocritate
841 3403 1010 3490 connitor3
1030 3429 1107 3473 nem

93 3523 149 3612 qui
165 3522 251 3590 bona
267 3522 330 3590 fide
344 3526 432 3592 Deos
448 3521 541 3610 colit,
556 3534 644 3590 amat
659 3535 690 3589 et
706 3519 898 3590 sacerdotes.
915 3521 979 3590 Sed
994 3546 1107 3615 quam·

94 3640 141 3707 vis
155 3642 342 3733 propiorem
354 3666 473 3711 nexum
488 3642 638 3711 amicitiae
652 3655 716 3709 tuae
726 3639 922 3734 jampridem
938 3665 1105 3733 cuperem,

93 3756 221 3830 mallem
245 3773 353 3828 tamen
374 3760 519 3830 nondum
540 3761 752 3831 intervenisse
776 3761 944 3829 materiam
946 3810 1102 3829 ......

483 3968 594 4036 (meque
610 3970 717 4059 emus)
