2812 5258
189 376 206 411 ι
347 342 363 359 “
544 355 855 411 r.1³unnnsrnr11

187 458 302 550 dicbus
325 481 426 549 effusa
445 507 452 548 :
471 473 619 571 quamvis
644 494 773 563 metuo,
798 505 839 547 ne
863 504 976 547 verum
998 482 1083 548 istuc
1103 507 1213 551 versus

187 623 318 692 quoqne
337 601 398 692 ipsi
416 597 456 664 de
471 620 505 662 se
521 595 672 687 probent.
687 599 815 665 Primus
829 595 957 665 libellus
970 615 1213 668 sacrosanctum

186 717 284 786 babet
301 731 413 785 testem
433 741 441 781 :
462 713 658 781 sumendum
677 716 765 782 enim
785 729 853 782 erat
871 739 890 781 a
905 719 985 783 Jove
1000 718 1211 809 principium.

186 837 339 904 Ceterum
357 832 417 899 hos
434 855 561 917 versus,
578 856 659 923 quos
678 834 711 899 in
730 837 860 924 Equum
875 834 1057 900 Maximum
1074 835 1149 920 seci,
1163 837 1213 902 in·

185 948 432 1042 dulgentissimo
452 949 659 1041 imperatori,
682 965 811 1042 postero
835 951 887 1016 die
907 976 1006 1042 quam
1026 951 1212 1019 dedicatum

184 1080 254 1134 erat
265 1091 365 1158 opus,
378 1067 507 1135 tradere
516 1068 624 1160 jussus
635 1092 716 1135 sum.
732 1070 869 1136 Potuisti
880 1067 962 1137 illud
972 1069 1069 1163 (dicet
1079 1069 1212 1164 aliquis)

183 1199 216 1253 et
235 1199 311 1252 ante
328 1171 455 1254 vidisse.
474 1186 698 1278 Respondebis
715 1185 763 1252 illi
782 1201 834 1272 tu,
848 1186 947 1255 Stella
960 1190 1139 1275 carissime,
1153 1193 1210 1282 qni

162 1301 429 1395 *Epithalamion
450 1317 562 1389 tuum,
585 1303 673 1394 quod
694 1304 773 1370 mihi
798 1306 1005 1396 injunxeras,
1027 1308 1088 1374 scis
1109 1308 1210 1376 biduo

182 1424 351 1515 scriptum.
367 1421 530 1492 Audacter
548 1420 748 1505 mehercule;
768 1421 824 1488 sed
842 1436 950 1489 tamen
965 1447 1096 1493 conxxu
1111 1427 1209 1493 hexa-

182 1553 302 1607 metros
318 1540 424 1606 habet.
443 1541 485 1605 At
501 1537 635 1605 fortasse
651 1553 687 1605 ttt
702 1564 763 1630 pro
779 1538 903 1632 collega
920 1543 1095 1609 mentieris.
1113 1546 1209 1610 Mau·

182 1656 244 1725 lius
263 1670 351 1724 certe
369 1656 545 1748 Vopiscus,
564 1657 616 1722 vir
637 1656 892 1740 eruditissimus,
915 1672 947 1724 et
969 1661 1026 1751 qui
1046 1663 1209 1753 praecipue

182 1772 362 1841 vindicata
382 1774 446 1840 situ
471 1771 595 1841 litteras
611 1773 679 1864 jam
699 1799 792 1866 paene
814 1774 994 1868 fugientes,
1019 1776 1100 1845 solet
1121 1777 1208 1847 ultro

180 1914 311 1984 quoque
323 1891 456 1958 nomine
472 1915 545 1958 meo
561 1889 709 1984 gloriari,
724 1907 756 1960 et
773 1891 885 1961 villam
896 1894 1103 1962 Tiburtinam
1115 1920 1208 1963 suam

178 2008 374 2101 descriptam
398 2009 534 2077 anobis
563 2035 628 2078 uno
655 2010 717 2079 die.
746 2014 901 2104 Sequitur
928 2010 1055 2079 libellus
1082 2013 1209 2081 Rutilio

179 2126 307 2196 Gallico
322 2127 453 2198 Valenti
473 2128 639 2198 dedicatus
657 2157 665 2198 ι
683 2130 723 2198 de
741 2155 807 2222 qno
827 2128 908 2196 nihil
928 2129 1017 2209 dico,
1034 2153 1075 2193 ne
1093 2130 1210 2200 videar

178 2245 324 2313 defuncti
349 2247 439 2312 testis
460 2249 629 2312 occasione
651 2247 792 2311 mentiri.
818 2246 904 2312 Nam
924 2240 1054 2308 Claudii
1076 2246 1207 2314 Etrusci

178 2362 400 2430 testimonium
414 2374 477 2444 est,
491 2362 547 2449 qui
561 2358 753 2427 Balneolnm
766 2381 786 2424 a
798 2383 851 2425 me
864 2382 959 2425 suum
976 2360 1061 2427 intra
1077 2385 1207 2430 moram

177 2502 276 2548 oenus
296 2477 429 2569 recepit.
450 2479 490 2543 ln
505 2474 571 2543 fine
587 2488 664 2543 sunt
696 2473 837 2542 calendae
857 2475 1065 2564 decembres,
1085 2480 1206 2570 quibus

177 2599 293 2690 utique
302 2594 448 2664 creditur
462 2619 469 2661 :
483 2607 613 2661 noctem
625 2594 713 2660 enim
727 2591 817 2660 illam
834 2592 1051 2664 felicissimam
1067 2597 1205 2685 babent,

177 2728 209 2782 et
224 2712 446 2805 voluptatibus
462 2709 600 2804 publicis
614 2711 828 2804 inexpertam.
