2812 5258
314 445 365 502 1⁰4
663 437 691 491 P.
713 436 836 491 PUBLII
854 434 976 489 stam
1236 429 1270 490 (r.
1283 431 1337 486 ιδ.)

311 564 445 626 Tectum
457 572 647 651 augustum,
660 559 789 650 ingens,
798 582 865 625 non
876 569 1008 624 centum
1019 553 1146 644 insigne
1155 549 1337 638 columnis,

310 677 374 745 Sed
390 691 518 769 quantae
535 679 677 768 Superos
693 673 893 767 coelumque,
911 671 1043 743 Atlante
1060 670 1215 755 remisso,

310 798 498 863 sustentare
515 807 636 886 queant
656 819 664 860 :
683 808 793 885 stupet
810 793 873 861 hoc
892 792 1001 858 vicina
1019 788 1176 856 Tonantis

310 914 433 1006 Regia,
453 928 548 1005 teque
568 915 640 1005 pari
656 910 807 980 laetantur
827 911 901 979 sede
921 909 1065 978 locatum

310 1032 470 1116 Numina,
491 1057 532 1099 ne
552 1035 708 1123 magnum
728 1053 882 1121 properes
900 1026 1074 1096 escendere
1092 1024 1237 1093 ooelum:

308 1152 412 1217 Tanta
430 1164 520 1242 patet
535 1147 654 1232 moles,
666 1146 847 1239 ¹effusaeque
863 1148 1003 1238 impetus
1020 1142 1102 1212 aulae

310 1268 459 1336 Liberior
479 1268 594 1360 spatii,
615 1264 822 1357 multumque
842 1263 1009 1357 amplexus
1028 1264 1133 1356 aperti

310 1386 480 1469 AEtberos,
501 1400 534 1453 et
552 1399 679 1453 tantum
697 1384 831 1452 domino
849 1385 958 1452 minor
976 1409 983 1450 :
1001 1381 1056 1449 ille
1072 1395 1205 1474 penates

310 1503 446 1597 implet,
465 1516 498 1571 et
516 1504 641 1596 ingenti
657 1503 765 1571 Genio
779 1504 885 1594 juvat.
903 1501 1052 1569 AEmulus
1070 1499 1138 1569 illic
1171 1507 1177 1529 ⁸

310 1624 408 1688 Mons
424 1620 541 1711 Libys,
559 1619 741 1710 Iliacusque
758 1619 881 1704 nitent,
899 1633 931 1686 et
947 1616 1051 1686 multa
1069 1621 1191 1710 Syene,

310 1740 352 1805 Et
366 1737 488 1824 Chios,
504 1751 537 1803 et
553 1733 666 1828 glauca
684 1738 842 1805 certantia
858 1735 984 1805 Doride
1002 1761 1097 1823 saxa,

311 1857 469 1946 Lunaque
484 1853 653 1946 portandis
668 1867 795 1922 tantum
812 1853 946 1923 suffecta
962 1853 1133 1922 columnis

311 1976 425 2066 Longa
442 1995 540 2066 super
559 1973 679 2065 species
697 1999 704 2040 :
725 1973 815 2042 fessis
832 1974 888 2040 via
903 1971 1045 2041 culmina
1061 1971 1201 2066 prendas

311 2091 464 2178 Visibus,
484 2093 655 2184 auratique
672 2104 766 2184 putes
785 2089 950 2184 laquearia
966 2089 1046 2159 ooeli.

358 2210 421 2276 llic
439 2233 541 2301 quum
560 2207 737 2278 Romuleos
753 2234 905 2302 proceres
923 2210 1131 2302 trabeataque
1150 2211 1262 2281 Cesar

311 2327 452 2419 Agmina
469 2324 559 2394 mille
579 2326 675 2395 simul
689 2329 787 2419 jussit
806 2327 1007 2396 discumbere
1025 2328 1164 2412 mensis,

311 2447 387 2536 Ipsa
405 2444 495 2512 sinus
514 2445 660 2511 accincta
679 2446 798 2528 Ceres,
817 2445 1028 2539 Bacchusque
1044 2444 1193 2515 laborant

312 2561 467 2631 Sufficere
487 2587 495 2629 :
515 2560 645 2629 etherei
665 2560 742 2628 lelix
760 2562 806 2629 sic
823 2563 929 2630 orbita
947 2563 1039 2631 fluxit

312 2678 526 2774 Triptolemi3
544 2681 590 2748 sic
605 2678 733 2747 vitifero
751 2679 811 2747 sub
829 2679 963 2773 palmite
978 2682 1084 2750 nudos

311 2799 486 2869 Umbravit
502 2796 619 2884 colles,
636 2811 668 2865 et
688 2798 795 2866 sobria
809 2821 888 2867 rura
903 2802 1026 2893 Lyaeus.

313 2915 376 2983 Sed
393 2915 474 2982 mihi
491 2939 558 2982 non
576 2913 706 3007 epulas,
724 2913 854 2983 Indisve
873 2918 984 2985 innixa
1001 2915 1162 2987 columnis

313 3033 445 3101 Robora
463 3035 674 3119 Maurorum,
694 3031 870 3102 famulasve
890 3059 931 3104 ex
947 3034 1061 3104 ordine
1078 3049 1222 3120 turmas3

313 3153 445 3243 Ipsum,
465 3151 572 3242 ipsum
590 3149 711 3243 cupido
729 3165 857 3220 tantum
874 3167 1019 3248 spectare
1038 3154 1166 3222 vacarit

312 3266 540 3360 Tranquillum
559 3267 690 3357 vultus,
711 3285 743 3338 et
763 3272 929 3364 majestate
949 3295 1062 3340 serena

314 3383 512 3454 Mulcentem
530 3386 655 3474 radios,
675 3391 996 3485 summittentemque
1016 3390 1161 3459 modeste
1199 3460 1202 3466 ,

313 3507 464 3573 Fortuna
478 3502 593 3573 vexilla
609 3529 693 3591 suae3
709 3520 817 3575 tamen
831 3532 889 3576 ore
904 3506 1027 3576 nitebat

313 3619 543 3689 Dissimulatus
562 3621 667 3690 honos
684 3638 695 3689 t
711 3622 808 3692 talem
827 3642 956 3718 quoque
972 3623 1130 3696 barbarus
1148 3625 1254 3697 bostis

314 3741 442 3827 Posset,
459 3754 492 3808 et
511 3740 629 3833 ignotae
647 3756 857 3834 conspectum
875 3766 1051 3836 agnoscere
1068 3757 1190 3838 gentes.

315 3859 390 3926 Non
408 3857 503 3925 aliter
519 3857 625 3951 gelida
645 3858 819 3954 Rhodopes
838 3862 872 3929 in
892 3858 975 3929 valle
995 3863 1156 3930 recumbit
1278 3888 1280 3892 ·

315 3978 463 4047 Dimissis
479 3977 645 4047 Gradivus
666 3981 756 4070 equis
774 3981 845 4049 :sic
863 3978 987 4049 lubrica
1008 3982 1100 4074 pouit
