2812 5258
88 474 200 538 (am.)
384 472 593 528 THEBAIDOS
615 471 723 525 LIBER
745 468 794 522 XI.
1061 468 1116 525 aab

88 600 191 693 Injice
206 598 395 667 funeribus:
416 611 589 664 cunctatur
607 595 716 662 nescia
734 595 827 685 virgo

88 717 181 806 Quid
201 733 317 811 paret:
338 716 521 809 impediunt
540 717 614 797 iter,
635 712 877 806 implicitosque
896 729 1069 783 morantur

88 842 209 924 Arma,
230 839 309 926 viri,
329 861 462 921 currus,
481 835 613 928 altaque
631 836 665 903 in
681 847 790 928 strage
807 831 924 902 seniles

88 955 256 1026 Deficiunt
274 981 421 1050 gressus,
439 970 474 1024 et
495 955 561 1024 dux
579 952 766 1021 miseranda
782 953 919 1021 laborat.
983 1033 985 1037 ,

88 1080 137 1146 Ut
151 1078 286 1170 quaesita
302 1076 360 1144 diu
378 1075 574 1143 monstravit
592 1096 733 1164 corpora
753 1071 878 1140 clamor

90 1197 255 1290 Virginis,
277 1196 430 1264 insternit
448 1207 536 1260 totos
557 1191 751 1286 frigentibus
771 1207 872 1259 artus.

91 1319 159 1386 Nec
178 1343 242 1385 vox
258 1316 325 1385 ulla
342 1317 412 1384 seni
431 1342 439 1382 ε
455 1316 555 1407 jacet,
574 1316 793 1408 immugitque
810 1315 954 1383 cruentis

90 1435 309 1520 Vulneribus,
327 1459 388 1503 nec
405 1435 505 1502 verba
525 1433 582 1502 diu
601 1448 725 1503 tentata
742 1447 936 1526 sequuntur.

88 1559 177 1626 Dum
193 1567 312 1624 tractat
330 1551 454 1647 galeas,
472 1568 571 1647 atque
589 1578 648 1622 ora
667 1552 803 1623 latentia
823 1555 958 1647 quaerit,

86 1673 235 1742 Tandem
253 1688 343 1742 muta
362 1673 473 1742 furens
493 1675 622 1766 genitor
643 1675 782 1767 suspiria
798 1672 896 1742 solvit
916 1700 924 1740 :

136 1792 274 1861 «Tarda
294 1817 420 1879 meam,
439 1793 561 1885 pietas,
579 1791 678 1886 longo
697 1807 772 1886 post
792 1806 940 1886 tempore
962 1808 1105 1862 mentem
1167 1776 1170 1780 .

87 1912 252 1982 Percutis?
271 1928 363 1981 estne
382 1912 442 1979 sub
461 1912 524 1978 boc
543 1912 685 1978 bominis
704 1910 878 1979 clementia
897 1911 1020 1980 corde?

89 2033 202 2100 Vincis
219 2056 272 2098 me
290 2032 467 2115 miserum,
486 2030 607 2115 vincis,
628 2044 762 2118 natura,
780 2044 963 2121 parentem.

87 2155 139 2220 En
157 2150 264 2218 habeo
284 2152 444 2243 gemitus,
462 2147 678 2242 lacrymaeque
695 2172 754 2241 per
774 2147 865 2216 arida
883 2161 1020 2240 serpunt

88 2268 256 2356 Vulnera,
276 2283 310 2337 et
328 2271 362 2336 in
381 2266 493 2337 molles
511 2271 661 2361 sequitur
679 2292 798 2337 manus
817 2270 918 2362 impia
935 2267 1097 2362 planctus.

90 2391 237 2483 Accipite
255 2388 397 2457 infandae
415 2392 504 2482 justa
521 2388 716 2482 exsequialia
737 2390 871 2476 mortis,

87 2508 259 2594 Crudeles,
281 2510 485 2602 nimiumque
506 2512 570 2577 mei
590 2536 598 2577 :
621 2535 680 2579 nec
697 2534 832 2579 noscere
849 2526 960 2599 natos,

87 2626 341 2722 Alloquiumque
361 2643 475 2723 aptare
491 2627 567 2697 licet
587 2655 595 2696 ε
616 2629 688 2715 dic,
705 2631 819 2723 virgo,
839 2632 1002 2722 precanti,

86 2749 198 2838 Quem
215 2748 332 2816 teneo?
352 2772 418 2840 quo
438 2772 526 2816 nnnc
546 2762 671 2816 vestras
689 2772 751 2841 ego
770 2772 872 2816 savus
888 2748 1014 2816 honore

87 2873 271 2963 Prosequor
291 2870 448 2941 inferias?
467 2895 488 2939 o
508 2873 535 2939 si
555 2869 709 2938 fodienda
728 2868 873 2938 redirent

87 2996 245 3081 Lumina,
265 3010 298 3064 et
317 2996 350 3063 in
367 2994 480 3064 vultus
500 2997 614 3064 saevire
632 3019 672 3063 ex
688 3019 781 3062 more
798 2991 957 3088 potestas!

87 3116 158 3181 Heu
180 3111 293 3183 dolor!
314 3115 378 3182 beu
395 3116 485 3208 justo
503 3117 607 3210 magis
625 3114 778 3183 exaudita
798 3115 945 3208 parentis

87 3235 189 3319 Vota,
208 3233 367 3327 malaeque
384 3231 514 3328 preces!
536 3211 688 3327 quisnam
707 3233 770 3302 fuit
789 3232 844 3302 ille
862 3237 1027 3317 Deorum,

87 3351 155 3439 Qui
177 3356 267 3423 stetit
285 3368 437 3423 orantem
453 3354 564 3447 juxta,
583 3368 813 3448 praeceptaque
832 3354 931 3421 verba

85 3471 232 3540 Dictavit
249 3472 345 3542 satis?
361 3474 455 3543 furor
472 3471 545 3557 illa,
562 3487 595 3542 et
609 3476 712 3543 movit
729 3474 888 3565 Erinnys,

84 3594 128 3659 Et
145 3606 248 3683 pater,
267 3607 300 3660 et
319 3595 479 3687 genitrix,
497 3608 530 3663 et
550 3617 653 3686 regna
670 3593 825 3687 oculique
841 3594 1012 3679 cadentes;

86 3708 141 3778 Nil
162 3732 247 3802 ego:
265 3734 324 3802 per
339 3715 450 3782 Ditem
466 3715 542 3806 juro
561 3711 738 3806 dulcesque
754 3714 926 3798 tenebras,

85 3830 356 3921 Immeritamque
375 3830 509 3919 ducem,
528 3832 662 3901 subeam
683 3835 729 3902 sic
748 3837 885 3903 Tartara
907 3833 1007 3928 digna

86 3950 213 4034 Morte,
235 3974 295 4018 nec
315 3951 398 4018 irata
414 3951 520 4044 fugiat
537 3975 590 4018 me
609 3955 710 4022 Laius
726 3953 852 4023 umbra.

86 4068 147 4136 Hei
164 4069 263 4151 mibi,
283 4093 368 4163 quos
386 4093 487 4138 nexus
503 4068 657 4157 fratrum,
674 4096 746 4164 quae
766 4069 904 4139 vulnera
922 4069 1043 4141 tracto!

232 4213 269 4258 u.
677 4187 681 4196 ’
935 4188 975 4258 15
