2812 5258
446 665 969 776 ADNOTATIONES

204 980 260 1061 ΙΝ
285 982 330 1063 Ρ.
357 972 570 1060 PAPlNll
593 968 774 1055 STATII
800 969 1195 1057 ACHILLEIDEM.

624 1269 780 1283 -..ο-

504 1523 545 1577 ΙΝ
565 1522 713 1578 LIBRUM
734 1522 895 1578 PRIMUM.

223 1681 362 1738 Lactamii
377 1700 440 1755 quae
458 1680 590 1737 feruntur
609 1680 716 1736 scholia
730 1683 772 1735 ad
790 1681 977 1737 Achilleidem
997 1701 1032 1738 ex
1050 1701 1109 1737 nno
1124 1682 1222 1738 codice

185 1775 275 1832 edidit
289 1773 517 1849 Lindenbrogius
536 1795 543 1829 :
557 1773 657 1829 cadem
671 1774 707 1830 ad
720 1781 777 1840 alm
789 1773 900 1847 priores
914 1793 1012 1830 versus
1023 1774 1121 1830 inveni·
1131 1775 1160 1829 in
1172 1794 1223 1831 co-

185 1869 248 1924 dice
261 1869 369 1943 Hegio,
383 1887 425 1923 nr.
441 1867 535 1936 8040,
547 1867 665 1922 membr.
683 1867 775 1922 saeculi
793 1886 842 1935 xi,
865 1867 1003 1941 insignem
1022 1868 1152 1923 lectionis
1169 1886 1219 1922 va·

184 1962 313 2017 rietatem
327 1971 355 2015 et
369 1959 560 2015 additamenta
576 1958 704 2032 quaedam
718 1960 869 2032 praebente.
884 1961 969 2017 Unde
986 1980 1049 2034 quae
1062 1961 1106 2016 his
1117 1960 1223 2016 notulis

185 2052 334 2109 inserenda
349 2051 462 2125 putavi,
475 2050 572 2106 indico
585 2050 685 2106 litteris
694 2052 725 2106 L.
741 2054 771 2106 P.

226 2144 284 2200 Sed
289 2147 379 2219 plura
399 2156 505 2199 vacant
518 2142 555 2220 (v.
575 2141 612 2219 t).
632 2143 856 2219 «Subintellige‚
876 2163 938 2217 quar
957 2144 1050 2200 omisit
1074 2145 1222 2201 Homerus.

185 2236 323 2312 Virgilius
336 2235 472 2313 [AEneid.‚
492 2255 519 2304 1,
537 2233 602 2310 456}
619 2255 626 2287 :

292 2459 298 2471 .
315 2460 321 2471 .
338 2459 344 2471 .
361 2460 367 2472 .
383 2422 449 2471 Vidit
463 2432 487 2471 et
502 2422 584 2471 Iliacas
598 2438 627 2470 ex
642 2421 725 2470 ordine
741 2438 841 2488 pugnas,

186 2595 216 2649 id
235 2605 277 2650 est
297 2613 357 2649 non
374 2591 521 2665 usquead
541 2602 661 2647 mortem
681 2595 826 2664 Hectoris,
848 2596 899 2650 sed
918 2598 1062 2670 usquead
1081 2597 1223 2652 excidium

186 2685 280 2756 Trojae
294 2685 391 2757 pictas.
407 2687 505 2758 Pugna
517 2683 592 2737 enim
604 2686 753 2738 Amazona
767 2683 827 2759 [sic]
839 2686 959 2759 reginae,
975 2706 1039 2759 quae
1049 2688 1078 2740 in
1088 2688 1224 2742 auxilinm

187 2775 290 2831 Priami
309 2777 401 2845 venit,
422 2783 488 2848 post
503 2773 672 2829 defunctum
685 2776 838 2830 Hectorem
858 2775 943 2830 fuit.»
957 2778 988 2831 L.
1006 2780 1035 2832 P.
1054 2778 1088 2830 ln
1104 2779 1225 2853 vulgatis

187 2869 246 2922 haec
255 2884 353 2922 manca
369 2877 397 2921 et
408 2876 552 2938 corrupta.

226 2959 407 3032 Deplevimus
416 2955 500 3034 (vs).
513 2956 659 3014 inibimus
668 2968 697 3013 et
709 2957 861 3014 hausimus.
870 2981 885 3008 n
894 2959 926 3013 L.
937 2962 1008 3014 1³.-
1017 2958 1097 3014 ldem
1106 2979 1163 3034 seq.
1177 2981 1204 3015 v.
1218 2982 1224 3016 :

188 3052 327 3118 secunda,
346 3051 510 3124 «quiajam
531 3052 703 3108 Thebaidem
719 3051 878 3124 scripserat.
896 3076 907 3101 ι

230 3145 283 3201 cai
290 3145 414 3220 gemma
429 3143 466 3220 (v.
485 3142 541 3218 15).
556 3168 571 3194 α
586 3145 718 3202 Ostendit
729 3145 925 3201 Domitianum
939 3164 998 3201 esse
1009 3155 1103 3199 vatem
1113 3156 1140 3200 ct
1156 3145 1226 3200 invi-

189 3237 342 3294 ctissimum
356 3236 590 3310 Mperatorem.»
604 3238 636 3293 L.
649 3242 679 3294 P.
692 3241 771 3293 -V.
787 3257 846 3312 seq.
859 3238 936 3293 Olim
949 3239 1028 3292 dolet
1037 3239 1128 3291 altera
1141 3238 1225 3292 vinci.

190 3356 205 3382 α
219 3334 307 3387 Poeta
320 3332 357 3386 ab
373 3331 530 3386 oratoria.»
544 3332 643 3386 Gross.
658 3333 750 3387 Immo
767 3331 960 3405 inperatoria.

231 3427 367 3478 Incautar
382 3424 485 3479 blande
492 3426 652 3498 populatus
666 3427 804 3498 Amyclas
825 3422 862 3497 (v.
883 3421 942 3499 ur).
962 3445 977 3473 a
988 3425 1096 3497 Argute
1116 3421 1227 3494 deprae—

189 3517 280 3570 datus.
295 3515 413 3592 Legitur
429 3515 459 3570 in
478 3515 603 3572 historiis
623 3516 703 3591 quod
722 3517 841 3589 Trojani
862 3535 925 3572 cum
943 3513 1048 3570 Graecis
1066 3514 1156 3570 soedus
1173 3514 1227 3569 ha-

189 3608 324 3664 buerint:
340 3608 417 3665 unde
430 3610 514 3664 etiam
528 3610 605 3665 Paris
621 3621 663 3665 est
676 3621 822 3684 susceptus
838 3609 978 3684 hospitio,
992 3619 1020 3664 et
1035 3607 1074 3663 sic
1088 3607 1227 3662 commisit

190 3701 367 3756 adulterium.
378 3701 448 3757 Ideo
463 3703 502 3757 ait
515 3703 652 3757 blande.»
669 3700 791 3777 (Eadem
803 3706 880 3759 Lact.
897 3702 933 3758 ad
946 3722 974 3756 v.
988 3699 1066 3777 404.)
1080 3701 1131 3755 His
1144 3700 1227 3754 editis

190 3793 328 3848 lactantii
347 3793 377 3848 in
391 3791 448 3848 fine
461 3794 560 3848 scholii
578 3793 658 3849 addit
672 3796 733 3850 MS.
755 3815 762 3849 :
783 3796 907 3871 «Dictys
927 3794 1067 3852 Cretensis
1083 3803 1180 3848 narrat
1197 3792 1226 3846 in

189 3884 307 3941 historia
326 3905 411 3960 quam
430 3887 466 3941 de
485 3885 596 3941 excidio
617 3888 709 3959 Trojae
731 3889 856 3961 scripsit,
877 3889 1020 3945 Hecubam
1037 3885 1139 3942 Priami
1155 3884 1226 3957 regis

191 3996 323 4049 uxorem,
334 3978 402 4034 dum
412 3989 482 4034 essct
495 3997 643 4053 praegnans
657 3980 795 4051 eParide,
805 3982 893 4036 facem
907 3999 958 4054 per
968 3979 1092 4053 quietem
1106 3977 1227 4033 edidisse
