2812 5258
140 418 195 481 334
512 416 806 472 annotationes

182 530 312 602 Quosque
324 531 391 604 ipsa
398 532 477 605 polis
494 528 632 602 affixerat
647 531 727 604 ignes
750 528 790 606 (v.
811 527 890 604 637).
909 529 1030 585 «Stellas
1051 529 1190 585 virorum

140 620 257 676 torrium
272 621 343 677 dicit
358 622 511 678 transeunti
522 622 662 676 honorem
675 622 781 676 referre
795 619 894 678 virtuti
907 620 958 697 [sie
973 639 989 675 e
1003 618 1098 696 codl,
1117 622 1190 695 quia

140 709 228 784 ipsius
241 712 343 768 merito
363 713 545 786 possederant
564 713 673 766 coelum.
693 712 769 767 Dicit
783 723 879 768 autem
894 713 1048 782 Liberum
1065 713 1189 768 Hereu-

140 804 211 874 lem,
225 807 384 875 Castorem,
397 805 554 873 Pollucem,
569 820 645 877 quor
654 805 759 859 ardens
773 807 865 859 evexit
877 807 920 860 ad
930 805 1043 860 oetlrem
1061 808 1162 861 utimr.
1176 830 1187 855 ι

1015 898 1107 953 Lscr.

180 989 331 1060 Responsis
346 986 385 1064 (v.
399 986 479 1064 oso).
500 990 612 1060 Majore
631 989 811 1044 distinctione
828 990 920 1062 posita
942 988 972 1044 in
992 987 1052 1045 fine
1070 1007 1185 1065 praee-

140 1078 230 1134 dentis
243 1098 341 1135 versus
359 1081 512 1153 legendum
525 1079 640 1136 videtur
654 1100 689 1138 ex
703 1083 757 1137 ΜΒ
772 1100 780 1135 :
795 1106 808 1130 ι
824 1100 898 1154 resp.
917 1091 950 1136 ut
956 1084 1052 1156 plena
1067 1082 1135 1159 [sie,
1155 1085 1187 1138 ni

140 1170 231 1240 fallor,
250 1172 356 1227 Barthii
376 1191 474 1230 omnes
496 1183 526 1229 et
544 1174 578 1228 al.
599 1193 659 1229 uon
676 1173 771 1250 pauci]
791 1171 862 1230 fides
879 1173 983 1250 (esset),
1002 1173 1059 1229 huc
1079 1175 1189 1232 fraude

139 1264 285 1335 priores.»

179 1357 365 1430 dhgnanime
386 1377 403 1412 ο
425 1357 537 1427 juvenis
554 1356 593 1436 (v.
614 1355 693 1434 662).
716 1358 832 1431 Optime
852 1359 906 1412 ΜΒ
927 1377 935 1413 :
959 1376 1002 1412 «o
1010 1357 1160 1426 juvenum
1172 1385 1185 1407 υ

140 1448 219 1503 Idem
234 1468 261 1503 v.
282 1449 357 1519 668,
371 1452 465 1505 cuncti
476 1469 530 1524 pro
545 1463 650 1505 cuncto.

180 1542 324 1616 Annrperi
334 1541 446 1613 sessum
469 1543 613 1616 ereptum
630 1539 668 1616 (v.
683 1539 762 1617 683).
784 1543 838 1597 ΜΒ
859 1551 888 1596 et
907 1540 955 1596 alii
973 1540 1064 1609 boni,
1091 1542 1147 1597 sed
1167 1542 1189 1596 ii

139 1650 197 1686 non
216 1651 328 1704 omnes,
336 1635 447 1705 ficum,
469 1634 505 1689 de
519 1637 614 1709 Agreo
628 1633 822 1706 intelligentes.
837 1633 941 1706 Aptius
954 1635 1124 1688 Menoeoeus
1138 1633 1190 1689 hic

139 1736 320 1795 memoratur,
338 1735 370 1780 ut
383 1728 509 1781 Gronov.
526 1726 673 1793 observat,
687 1748 700 1774 ι
711 1743 796 1798 quem
810 1724 942 1798 armigeri
953 1736 981 1779 et
995 1721 1124 1780 officiosi
1133 1743 1188 1780 co·

140 1815 221 1871 mites
234 1817 281 1872 alii
297 1817 419 1891 acceptis
439 1819 476 1872 ab
493 1836 529 1872 eo
546 1818 629 1873 armis
642 1817 777 1887 levarint,
799 1817 846 1872 alii
865 1818 963 1872 dextra
978 1815 1044 1872 data
1058 1826 1114 1871 aut
1127 1818 1188 1872 hu·

141 1906 224 1960 rueris
247 1907 343 1962 manui
362 1909 517 1983 suppositis
534 1909 663 1965 innixum
679 1927 734 1982 pro
749 1926 830 1964 more
848 1909 1009 1983 principum
1032 1909 1188 1965 sustinue-

140 1997 211 2068 rint,
224 1997 272 2053 alii
285 2000 366 2056 aliter
380 2001 524 2074 prosecuti
538 2001 602 2057 sint.
610 2026 623 2052 ι

182 2105 273 2174 Quum
287 2107 398 2181 genitor
408 2105 446 2184 (v.
461 2106 519 2163 688
537 2105 601 2184 sq.).
615 2104 770 2180 Abrumpit
782 2105 829 2160 hic
842 2122 1000 2161 sermonem
1016 2104 1055 2159 oh
1069 2122 1188 2177 pareu-

141 2195 232 2250 thesin
247 2215 254 2250 :
272 2198 322 2253 sed
337 2217 395 2274 seq.
406 2218 503 2269 versu,
520 2219 610 2274 quum
624 2217 698 2254 nova
712 2197 858 2254 accesserit
871 2199 968 2267 notio,
978 2195 1057 2251 linita
1070 2214 1188 2269 paren-

140 2286 211 2341 thesi
225 2290 385 2345 orationem
398 2291 511 2362 subjicit
530 2291 677 2365 integrum.
693 2293 820 2347 Gronov.
835 2291 935 2346 maluit
952 2291 1067 2364 utnipue.

179 2393 343 2465 Dignuntur
360 2393 397 2467 (v.
415 2392 493 2466 697).
512 2395 594 2448 Malit
612 2394 778 2449 Valckenar.
799 2396 837 2448 ad
862 2397 931 2449 Eur.
951 2394 1069 2461 Plan,
1094 2395 1186 2469 978:

138 2482 294 2555 dignentur,
311 2483 423 2538 frustm.

179 2576 219 2628 Et
230 2575 271 2629 sis
284 2575 345 2647 ipse
357 2593 466 2649 parens
479 2572 518 2652 (v.
536 2571 615 2652 707).
630 2576 685 2630 ΜΒ
701 2593 708 2627 :
724 2573 784 2629 «sis
798 2586 827 2629 ut
840 2573 939 2647 etipse
953 2590 983 2646 p.
1001 2595 1013 2621 ι

178 2681 210 2736 Si
221 2682 319 2755 pudor
330 2694 373 2736 est
384 2678 421 2758 (v.
437 2678 514 2756 7¹0)·
533 2681 587 2735 ΜΒ
601 2690 630 2735 et
646 2698 663 2734 a
680 2681 715 2735 al.
731 2700 738 2732 :
754 2680 918 2735 «sirenum
936 2685 986 2733 est.
1003 2701 1015 2726 ω

180 2789 215 2842 In
229 2798 318 2843 morte
331 2789 450 2843 latentes
467 2785 505 2863 (v.
522 2783 597 2861 7¹²)·
616 2787 687 2842 Tres
703 2785 790 2842 iidem
806 2795 881 2841 recte
899 2804 905 2837 :
916 2783 1047 2853 jacentes
1068 2805 1077 2836 :
1099 2810 1112 2835 α
1124 2788 1183 2844 hoc

142 2889 183 2933 ost
197 2898 262 2933 cum
276 2898 398 2952 corpore
411 2880 593 2934 intereuntes.
612 2877 715 2933 Gloriae
728 2876 822 2932 studio
835 2873 950 2948 praelert
962 2893 1057 2930 veram
1078 2887 1106 2930 et
1128 2898 1181 2933 so·

140 2971 227 3026 lidarn
241 2971 382 3044 pietatem.
399 2996 410 3019 ν
426 2973 534 3026 Birra.

180 3064 339 3136 Avertitque
352 3065 479 3117 timorem
493 3063 531 3139 (v.
548 3062 624 3138 7²¹)·
639 3065 692 3116 ΜΒ
707 3069 733 3113 et
750 3056 821 3112 alius
836 3079 842 3111 ι
859 3059 965 3113 timere.

179 3167 318 3222 Echione
332 3165 369 3244 (v.
382 3166 459 3244 734).
475 3168 520 3223 Sic
539 3167 603 3223 edd.
619 3175 685 3220 vett.
700 3176 728 3219 et
749 3163 860 3237 aliquot
880 3163 966 3218 codd.
982 3163 1058 3234 Quid
1074 3163 1105 3217 in
1119 3166 1180 3219 suis

139 3260 290 3330 invenerit,
311 3271 384 3316 tacet
403 3262 497 3315 Barth.
524 3263 648 3315 Gronov.
678 3277 684 3309 ε
708 3257 846 3321 tertona,
876 3253 994 3315 llrrtova.
1023 3255 1080 3310 Sed
1109 3255 1179 3311 sort.

139 3353 291 3419 AEthr'ona,
309 3362 340 3405 ut
358 3351 387 3405 in
406 3353 504 3407 Behot.
522 3370 555 3418 23
569 3369 593 3402 v.
615 3348 651 3403 ad
669 3367 716 3417 vr,
736 3347 801 3413 465.

182 3455 289 3526 Supero
303 3456 440 3509 demissus
454 3456 491 3508 ab
504 3471 561 3508 are
575 3451 614 3528 (v.
635 3450 711 3528 758).
735 3476 750 3503 α
761 3454 793 3507 ln
809 3464 868 3525 opt.
888 3452 1003 3525 alioque
1023 3469 1081 3505 uno
1100 3450 1179 3506 libro

139 3544 241 3599 diserte
261 3547 387 3623 legitur:
406 3564 532 3619 «supera
549 3543 685 3600 demissus
702 3544 738 3599 ab
760 3563 826 3598 arce
845 3564 879 3597 :n
899 3543 980 3616 quod
1000 3561 1059 3597 non
1076 3553 1118 3596 est
1138 3542 1178 3597 ti-

140 3637 308 3693 brariorum.
318 3663 330 3687 s
345 3641 453 3693 Basra.
460 3669 499 3679 —
509 3637 598 3691 Iidem
612 3636 678 3692 libri
692 3656 751 3710 seq.
761 3655 787 3689 v.
797 3657 804 3689 ε
815 3663 825 3684 a
835 3636 968 3692 Constitit
977 3646 1004 3690 et
1013 3636 1108 3690 demta
1116 3654 1155 3689 m.
1162 3659 1179 3686 o

182 3745 248 3797 Toto
261 3761 326 3816 quoe
338 3740 527 3816 sanguineiv.
542 3740 618 3817 764).
633 3744 701 3798 Non
713 3741 821 3797 felicius
834 3742 968 3797 Valcken.
983 3742 1002 3795 l.
1013 3760 1051 3808 c.,
1060 3760 1088 3794 v.
1099 3738 1177 3812 955:

141 3862 152 3886 ι
168 3848 234 3891 volo
250 3855 278 3909 q.
293 3854 339 3890 s.»

182 3932 273 4002 Atque
292 3947 346 3983 uno
360 3925 398 4004 (v.
415 3924 491 4002 776).
508 3944 523 3980 a
539 3927 649 3982 Behott.
667 3947 673 3981 :
689 3931 796 4000 «inque
815 3947 882 3982 uno.
895 3953 905 3973 u
921 3957 959 3967 —
974 3927 1040 3999 Seq.
1053 3944 1081 3979 v.
1097 3925 1177 3981 deest

141 4023 172 4077 in
184 4025 239 4079 ΜΒ
254 4033 282 4077 et
295 4022 351 4078 alio
364 4021 477 4091 Barth,
490 4038 648 4095 perperam.
