2812 5258
191 368 224 426 (v.
236 370 305 432 ”bl
474 366 727 425 adsimulatos
748 367 859 421 LIBER
878 367 915 420 11.

133 538 139 549 ·
192 497 269 563 Nou
283 490 366 561 ullas
379 518 418 561 ex
434 516 524 560 more
538 491 637 586 dapes
651 491 820 576 habuisse,
838 515 898 559 nec
915 489 1009 558 almis

191 613 358 683 Uberibus
374 614 507 682 satiasse
526 611 663 696 famem,
679 609 736 679 sed
752 611 855 703 spissa
874 609 1008 680 leonum

191 735 343 815 Viscera,
359 733 631 826 semianimesque
649 730 755 800 libens
776 733 910 801 traxisse
929 730 1099 801 medullas.

191 857 269 922 Haec
289 853 370 921 mihi
386 853 491 946 prima
508 855 626 936 Ceres,
643 853 712 921 luec
728 850 793 921 laeti
810 875 948 921 munera
965 852 1099 937 Bacchi,

189 974 243 1042 Sic
258 973 358 1043 dabat
372 972 428 1042 ille
444 988 539 1068 pater
555 1000 564 1040 ε
582 997 659 1042 mox
676 975 723 1041 ire
738 996 796 1066 per
811 974 884 1040 avia
901 997 1010 1043 secum

189 1095 307 1164 Lustra
323 1093 430 1188 gradu
449 1093 575 1185 majore
595 1090 746 1178 trahens,
766 1092 909 1185 visisque
929 1092 1069 1164 docebat

187 1213 340 1282 Arridere
361 1213 453 1296 feris,
472 1235 532 1280 nec
550 1211 654 1282 fracta
671 1211 842 1281 ruentibus
860 1211 958 1281 undis

126 1362 130 1373 ·
187 1333 293 1416 Saxa,
310 1355 372 1400 nec
385 1330 427 1400 ad
440 1344 540 1400 vastae
555 1330 720 1425 trepidare
735 1329 866 1401 silentia
879 1330 979 1403 silva.

188 1455 259 1519 Janr
275 1465 355 1519 tune
369 1451 464 1519 hasta
478 1475 596 1536 manu,
606 1451 676 1542 jam
692 1465 771 1520 tunc
788 1452 915 1521 cervice
929 1452 1103 1545 pharetrae,

187 1574 230 1639 Et
247 1569 325 1640 ferri
340 1585 538 1665 properatus
555 1594 661 1657 amor,
679 1570 862 1664 durataque
874 1564 983 1641 multo

99 1732 102 1736 Δ
187 1687 262 1758 Sole
277 1688 418 1783 geluque
434 1691 538 1778 cutis3
558 1703 672 1760 tenero
688 1714 749 1759 nec
763 1690 844 1760 flexa
859 1689 961 1761 cubili

186 1810 355 1896 Membra,
373 1810 432 1880 sed
449 1811 574 1904 ingenti
595 1834 710 1880 saxum
728 1821 905 1879 commune
920 1814 1089 1905 magistre.

185 1930 251 1998 vix
267 1929 350 1999 mihi
365 1929 512 1999 bissenos
527 1954 690 2012 annorum
705 1941 848 1999 torserat
861 1929 957 1999 orbes

184 2050 262 2116 Vita
278 2047 385 2136 rudis,
401 2047 551 2118 volucres
566 2073 669 2141 quum
680 2050 755 2142 jam
763 2063 959 2143 prevertere
973 2074 1105 2138 cervos,

184 2171 227 2236 Et
243 2167 402 2260 Lapithas
414 2167 555 2262 cogebat
572 2190 679 2261 equo,
693 2169 927 2264 praemissaque
940 2192 1041 2239 cuma

183 2285 263 2356 Tela
277 2290 369 2380 sequi
389 2314 397 2357 :
417 2312 503 2383 saepe
516 2289 588 2382 ipse
602 2289 707 2384 gradu
721 2312 774 2357 me
788 2303 931 2383 praepete
945 2291 1086 2373 Chiron,

184 2409 274 2475 Dum
291 2404 387 2475 velox
405 2421 500 2491 setas,
518 2409 642 2501 eampis
662 2406 824 2477 admissus
839 2408 958 2504 agebat

184 2525 365 2612 Omnibus,
382 2525 644 2621 exhaustumque
659 2551 744 2620 vago
764 2551 824 2621 per
838 2531 988 2621 gramina
1007 2555 1104 2624 passu

184 2643 355 2715 Laudabat
376 2643 540 2740 gaudeus,
554 2657 653 2736 atque
665 2646 700 2713 in
717 2669 775 2715 sua
791 2643 877 2724 cnlla
891 2646 1030 2717 levabat.

184 2767 276 2860 Sepe
289 2764 386 2835 etiam
400 2765 509 2860 primo
523 2763 615 2832 fluvii
630 2777 765 2858 torpore
775 2765 912 2858 jubebat

183 2887 236 2954 Ire
253 2909 364 2979 super,
378 2882 580 2979 glaciemque
593 2880 657 2953 levi
672 2907 740 2953 nnn
754 2882 908 2978 frangere
921 2883 1046 2980 planta.

184 3008 255 3074 Hoc
275 3001 514 3099 pueriledecus
529 3031 537 3073 ε
557 3001 639 3098 quid
652 3027 742 3074 nunc
757 3002 816 3071 tibi
829 3001 947 3096 proelia
959 3003 1067 3074 dicam

184 3123 372 3197 Silvarum?
392 3137 426 3192 et
443 3146 564 3196 vacuus
581 3147 665 3195 seso
679 3124 748 3217 jem
770 3148 939 3194 murmure
955 3122 1081 3195 saltus?

184 3249 364 3340 Nunquam
380 3243 433 3315 ille
447 3241 595 3314 imbelles
609 3247 721 3315 Ossaea
735 3269 794 3339 per
808 3245 882 3316 avia
899 3244 1010 3341 lynces

184 3367 322 3451 sectari,
339 3377 397 3434 aut
411 3363 543 3434 timidos
556 3388 670 3457 passus
682 3390 735 3435 me
749 3363 885 3458 cuspide
898 3363 1011 3437 damas

184 3485 355 3570 Sternere,
369 3484 426 3553 sed
440 3485 549 3555 tristes
563 3484 697 3555 turbare
707 3483 872 3556 cubilibus
886 3509 995 3576 ursas,

184 3600 437 3700 Fulminensque
454 3630 547 3694 sues,
565 3621 600 3675 et
622 3606 726 3678 sicubi
751 3609 891 3677 maxima
913 3609 1026 3704 tigris,

183 3728 251 3792 Aut
265 3706 400 3794 seducta
414 3726 504 3820 jugis
524 3726 609 3796 soete
626 3705 781 3819 spelunca
800 3725 920 3798 leaenae

183 3847 258 3936 lpse
279 3842 394 3913 sedens
410 3859 503 3914 vasto
522 3843 607 3914 lacta
623 3846 833 3945 exspectabat
853 3848 895 3916 ab
913 3862 1025 3935 antro,

184 3965 218 4032 Si
240 3988 372 4058 sparsus
394 3988 516 4058 magun
537 3988 715 4036 remearem
733 3968 894 4061 sanguine
914 3994 921 4035 ε
940 3993 1001 4038 nec
1027 3994 1079 4038 me

1168 366 1223 433 205
