2812 5258
111 467 142 524 (s.
160 467 210 530 ει.)
409 464 654 521 scutttulnos
676 465 786 520 Ltuun
808 467 829 521 1.
1079 469 1132 524 adr

110 593 219 659 Unam
238 588 418 655 hiemem.»
438 590 545 675 Dixit,
561 612 783 682 riragnumquc
802 591 836 655 in
855 603 1002 683 ternpore
1023 616 1132 686 regem

109 708 267 801 Adspicit.
283 709 416 775 Oceano
433 707 585 776 veniebat
603 707 649 774 ab.
664 707 809 801 hospite,
826 707 946 776 mensis

109 830 235 914 Lntus,
257 841 289 894 et
308 849 463 918 aequoreo
479 824 619 894 diffusus
639 839 770 893 nectare
789 823 914 894 vultus:

108 945 204 1016 Unde
225 945 367 1033 hiemes,
384 947 539 1036 ventique
557 940 673 1031 silent,
692 945 855 1037 cantuque
872 944 985 1038 quieto
1000 957 1004 965 “

107 1067 270 1160 Armigeri
286 1067 438 1135 Tritones
452 1077 552 1148 eunt,
570 1059 809 1154 scopulosaque
828 1077 922 1148 cete,

106 1185 334 1279 Tyrrhenique
351 1205 467 1278 greges
481 1183 671 1274 circumque
689 1180 839 1274 infraque
856 1195 1008 1250 rotantur

105 1307 195 1398 Rege
215 1301 356 1372 salutato
372 1299 534 1393 :placidis
554 1301 625 1395 ipse
642 1298 766 1369 arduus
784 1298 881 1368 undis

104 1423 255 1508 Eminet,
271 1434 304 1488 et
323 1418 444 1514 triplici
460 1417 633 1512 telo'jubet
649 1420 704 1487 ire'
712 1416 854 1514 jugales.

104 1540 157 1609 Illi
172 1539 367 1634 spumiferos
381 1538 565 1634 glomerant
581 1563 600 1608 a
618 1554 752 1634 pectore
769 1539 907 1628 fluctum

104 1664 194 1731 Pone
213 1674 341 1749 natant,
356 1658 530 1755 delentque
547 1659 668 1754 pedum
684 1661 822 1754 vestigia
839 1658 953 1728 cauda.

103 1782 166 1851 Cui
186 1782 322 1850 Thetis:
341 1809 359 1844 a
371 1783 403 1849 Ο
419 1781 530 1874 magni
549 1794 658 1849 rector
674 1781 869 1873 genitorque
887 1777 1062 1874 profundi,

102 1900 267 1993 Adspicis,
284 1901 318 1968 in
335 1897 449 1991 quales
466 1899 623 1966 miserum
641 1896 834 1990 patefeceris
849 1921 928 1966 usus

101 2019 245 2112 AEquor?
263 2024 352 2089 Eunt
372 2018 450 2085 tutis
469 2017 789 2098 terrarum'crimina
807 2013 904 2098 velis,

101 2141 151 2207 Ex
168 2163 234 2231 quo
248 2139 324 2231 jura
343 2136 419 2204 freti
438 2137 706 2228 majestatemque
723 2148 890 2227 repostam

101 2257 205 2349 Rupit
223 2257 353 2324 Iasonia
369 2256 491 2348 puppis
506 2257 660 2349 Pagasaea
675 2254 801 2347 rapina.

100 2379 152 2445 En
171 2374 262 2445 aliud
279 2374 369 2443 furto
387 2372 507 2459 scelus,
523 2389 556 2442 et
570 2371 677 2467 ‘spolia
696 2373 827 2467 hospita
846 2389 983 2468 portans

101 2495 243 2588 Navigat
262 2495 391 2588 injuste
410 2493 605 2562 temerarius
620 2493 745 2562 arbiter
759 2493 843 2580 Ide,

100 2612 191 2682 Eheu
209 2638 292 2707 quos
314 2614 454 2708 gemitus
472 2612 568 2680 terris
587 2610 769 2706 pelagoque
786 2609 943 2682 daturus!

99 2734 192 2821 Quos
211 2729 308 2800 mihi!
330 2733 376 2801 sic
391 2730 540 2825 Phrygiae
559 2754 734 2823 pensamus
749 2732 881 2823 praemia
898 2729 1025 2824 palmae.

100 2852 143 2920 Hi
159 2852 298 2921 Veneris
317 2875 443 2938 mores,
460 2849 523 2918 hoc
542 2864 648 2944 gratae.
660 2873 780 2919 munus
797 2848 961 2919 alumne?

100 2973 167 3041 Has
184 2968 296 3039 saltem
315 2969 400 3063 (non
416 2967 600 3057 semideos,
618 2983 833 3062 nostrumque
848 2983 1017 3062 reportant

99 3088 255 3184 Thesea),
272 3091 299 3156 si
315 3089 388 3182 quis
403 3088 511 3159 adhuc
528 3087 625 3157 undis
641 3089 760 3175 honor,
775 3088 879 3157 obrue
894 3112 1041 3182 puppes,

99 3214 166 3278 Aut
185 3210 338 3303 permitte
358 3205 477 3277 fretum
494 3235 502 3275 :
518 3206 609 3277 nulia
626 3207 857 3278 inclementia:
878 3206 926 3276 fas
943 3209 985 3276 sit

100 3328 164 3395 Pro
182 3342 260 3396 nato
278 3328 424 3396 timuisse
441 3327 547 3396 mihi:
563 3327 606 3396 da
624 3325 740 3397 tollere
756 3327 897 3413 fluctus,

98 3445 169 3513 Nec
185 3447 245 3515 tibi
264 3444 305 3515 de
324 3449 423 3517 tantis
441 3446 569 3542 placeat
588 3471 640 3517 me
657 3446 813 3517 fluctibus
833 3470 936 3516 unum

98 3563 214 3650 Litus,
232 3580 265 3635 et
282 3564 374 3636 Iliaci
393 3565 545 3661 scopulos
561 3565 907 3661 habitaresepulcri.»

146 3683 273 3753 Orabat
291 3683 409 3755 laniata
427 3711 556 3775 eomas,
573 3701 607 3756 et
624 3702 755 3781 pectore
774 3686 865 3756 nudo

97 3800 257 3871 Coeruleis
272 3803 424 3874 obstabat
438 3807 552 3899 equis:
568 3821 647 3874 tunc
663 3805 960 3900 ductor‘aquarum

97 3925 220 3992 Invitat
236 3945 355 4010 curru,
371 3924 532 4015 dictisque
552 3925 598 3994 ita
616 3925 740 3997 mulcet
753 3926 890 3995 amicis:

97 4073 113 4105 ι(
127 4045 177 4112 Ne
195 4041 486 4136 pcte'Dardanism
505 4044 643 4134 frustra,
662 4046 775 4129 Theti,
793 4066 944 4137 mergere
959 4039 1106 4111 classem.
