2812 5258
98 445 130 506 (a.
141 444 193 507 ω.)
416 446 606 500 sinvanum
625 449 733 503 nmen
754 451 786 503 v.

97 568 257 660 Conjugis
277 567 396 653 orbati,
417 582 497 636 tunc
517 567 595 636 llere
614 584 647 637 et
667 570 817 639 scindere
838 586 941 642 vestes

95 691 138 755 Et
155 683 294 754 famulos
311 682 427 754 lassare
445 711 575 780 greges,
591 702 623 755 et
642 689 773 757 vincere
789 688 955 782 planctus,

95 807 252 895 Fataque,
273 816 306 870 et
326 804 464 896 injustos
484 804 606 873 rabidis
627 805 757 899 pulsare
778 807 917 900 querelis

94 918 279 1008 Coelicolas‚
298 918 443 991 solamen
461 937 556 991 erat:
575 921 650 992 licet
667 926 737 1017 ipsc
752 924 907 996 levandos

92 1040 143 1109 Ad
164 1041 303 1134 gemitus
324 1024 413 1110 silvis
434 1042 610 1110 comitatus
630 1056 663 1111 et
681 1045 833 1113 amnibus
853 1046 1009 1139 Orpheus

92 1158 237 1246 Alloret,
256 1173 354 1252 atque
371 1161 479 1229 omnis
499 1161 622 1253 pariter
640 1176 816 1230 matertera
832 1178 956 1249 vatem,

93 1280 210 1347 Omnis
225 1277 417 1372 Apollineus
436 1293 560 1372 tegeret
579 1281 766 1373 Bacchique
785 1281 952 1366 sacerdos;

91 1395 149 1467 Nil
169 1411 298 1484 cantus,
318 1397 365 1466 nil
387 1396 456 1487 fila,
475 1400 554 1467 Deis
575 1397 726 1491 pallentis
746 1402 868 1470 Averni

91 1518 375 1611 Eumenidumque
393 1517 506 1586 audita
523 1519 640 1606 comis,
661 1515 805 1587 mulcere
822 1517 991 1588 valerent:

90 1639 214 1705 Tantus
233 1638 267 1704 in
288 1638 431 1706 attonito
449 1638 609 1730 regnabat
627 1652 759 1730 pectore
779 1635 901 1707 luctus!

91 1756 190 1823 Nunc
205 1756 304 1823 etiam
323 1754 364 1824 ad
380 1755 533 1849 planctus
551 1756 671 1850 refugit
687 1758 755 1849 jam
774 1754 872 1850 plana
890 1758 1022 1826 cicatrix

90 1876 180 1942 Dum
201 1875 364 1960 canimus,
384 1875 603 1967 gravibusque
621 1874 725 1945 oculis
745 1878 879 1944 uxorius
898 1878 1000 1944 instat

89 1992 200 2060 Imber
217 2017 225 2060 ε
243 1991 410 2059 habentne
425 1993 498 2083 pios
513 1994 693 2062 etiamnum
710 1997 779 2062 haec
794 1992 919 2062 lumina
934 1992 1049 2063 fletus?

90 2114 178 2180 Mira
198 2107 291 2181 fides!
312 2111 409 2180 citius
428 2112 571 2205 genitrix
590 2110 719 2204 Sipylea
739 2113 862 2182 seretur

90 2230 284 2300 Exhausisse
304 2255 418 2326 genas;
440 2230 538 2298 citius
558 2230 735 2299 Tithonida
754 2234 861 2300 moesti

90 2351 253 2421 Deficient
268 2376 372 2438 rores,
387 2364 445 2418 aut
460 2352 620 2419 exsiccata
635 2351 764 2421 fatiscet

89 2473 199 2538 Mater
215 2469 371 2541 Achilleis
390 2470 514 2537 hiemes
533 2468 717 2563 affrangere
735 2471 849 2539 bustis.

136 2593 246 2659 Macte
265 2584 379 2658 animi!
401 2602 493 2656 notat
514 2590 576 2656 ista
591 2592 696 2676 Deus,
717 2591 774 2682 qui
793 2590 893 2658 flectit
912 2592 1057 2660 habenas

92 2708 206 2795 Orbis,
226 2724 258 2778 et
277 2710 438 2777 humanos
456 2709 591 2800 propior
607 2711 688 2776 Jove
705 2707 825 2801 digerit
845 2723 951 2794 actus;

92 2832 349 2921 Maerentemque
365 2827 467 2915 videt,
487 2824 629 2918 lectique
646 2851 765 2895 arcana
783 2828 925 2894 ministri

94 2950 176 3018 lsmc
193 2951 290 3018 etiarn
307 2947 504 3018 documenta
523 2947 628 3038 capit,
645 2946 735 3038 quod
753 2944 863 3039 diligis
880 2946 1050 3030 umbram,

92 3070 135 3135 Et
150 3067 229 3137 colis
245 3068 413 3159 exsequias
429 3090 437 3132 ε
453 3065 507 3133 hic
523 3079 573 3133 est
589 3065 787 3133 castissimus
803 3063 916 3147 ardor3
969 3102 971 3106 Α

92 3188 153 3255 llic
172 3212 263 3254 amor
282 3210 301 3253 a
318 3185 457 3255 domino
476 3184 612 3251 meritus
632 3207 765 3251 censore
784 3183 926 3276 probari.

93 3307 163 3374 Nec
183 3308 320 3392 mirum,
339 3308 367 3374 si
387 3328 446 3373 vos
466 3300 587 3373 collato
607 3316 738 3395 pectore
757 3303 877 3370 mixtos

92 3427 110 3491 J
113 3426 207 3491 unxit
221 3423 396 3518 inabrupta
410 3421 587 3493 concordia
603 3420 702 3513 longa
718 3434 843 3488 catena.

141 3541 201 3611 Illa
220 3541 367 3634 quidem,
386 3557 559 3636 nuptuque
581 3542 688 3634 prior,
709 3539 871 3633 taedasque
890 3541 1009 3606 marito

95 3666 191 3730 Passa
211 3661 291 3745 ali03
312 3660 368 3729 scd
389 3675 420 3729 te
439 3687 498 3732 ceu
520 3661 709 3755 virginitate
726 3661 877 3753 jugatum

95 3781 283 3850 Visceribus
301 3779 397 3865 totis,
415 3782 589 3874 animoque
605 3778 756 3873 amplexa
775 3779 916 3848 fovebat.

94 3899 244 3989 Qualiter
259 3923 401 3994 aequaevo
415 3899 570 3968 sociatam
583 3898 720 3994 palmite
733 3899 832 3966 vitem

93 4017 213 4091 Ulmus
229 4033 332 4106 amat,
349 4019 528 4110 miscetque
543 4043 674 4107 nemus,
691 4016 857 4107 ditemque
873 4029 1025 4108 precatur
