2812 5258
73 439 101 492 (,.
113 437 167 489 m.)
403 423 593 478 surarum
612 422 720 477 amna
742 424 762 476 1.
1062 441 1110 477 ‚r

71 552 208 644 Excepi,
229 550 358 641 fovique
374 549 464 633 siuu;
482 570 541 615 uec
560 545 643 614 colla
661 540 843 639 genasque·

73 672 227 755 Comere,
244 692 303 735 nec
318 667 433 760 pingui
453 666 579 733 crinem
598 664 759 732 deducere
776 687 903 732 amomo

73 789 218 857 Cessavit
236 811 324 873 mea,
344 799 435 869 uate,
453 809 569 852 manus
589 810 597 851 :
619 784 699 851 mihi
716 781 820 850 dulcis
838 783 943 876 imago
1040 830 1059 865 ,-,

72 904 236 973 Prosiluit.
253 902 355 972 Celsae
372 900 487 995 procul
507 903 614 995 aspice
632 901 749 968 frontis
764 900 917 986 honores,

75 1026 334 1116 Suggestumque
349 1044 468 1103 comae3
488 1021 598 1087 Latias
614 1021 731 1086 metire
748 1018 828 1111 quid
845 1017 927 1088 ultra

72 1143 222 1210 Emineau
238 1155 379 1208 matres:
395 1152 554 1230 quantum
568 1140 707 1206 Latonia
717 1138 880 1230 ¹nymphus

71 1262 174 1353 Virgo
192 1260 333 1351 premit,
353 1272 578 1350 quantumque
593 1268 721 1351 egomet
739 1255 897 1326 Nereidas
914 1268 1013 1323 exsto.

71 1381 148 1446 Haec
164 1391 196 1446 et
213 1374 358 1445 coeruleis
376 1401 504 1445 mecum
525 1399 721 1470 consurgere
740 1374 838 1468 digna

70 1493 252 1577 Fluctibus,
272 1508 304 1563 et
324 1508 436 1562 nostra
454 1496 562 1587 potuit
581 1491 751 1562 considere
768 1492 891 1560 concha
913 1518 921 1558 t

70 1618 112 1683 Et
128 1615 154 1682 si
171 1613 378 1681 flammiferas
395 1615 553 1706 potuisset
567 1612 722 1681 scandere
741 1611 846 1697 sedes,

72 1737 202 1825 Hasque
223 1733 346 1800 intrare
361 1732 493 1818 domos,
509 1733 571 1824 ipsi
586 1733 753 1817 erraretis,
772 1734 917 1800 Amores.
1005 1772 1007 1777 -

71 1853 156 1919 Huic
174 1852 322 1940 quamvis
340 1830 455 1918 census
471 1850 616 1918 dederim
633 1849 750 1942 largita
763 1849 889 1931 beatos,

71 1968 185 2033 Vincit
201 1989 278 2056 opes
296 1966 407 2031 animo
425 1991 434 2031 ι
454 1967 602 2056 queritur
616 1969 683 2057 jam
701 1970 795 2034 Seras
815 1990 929 2056 avaros

73 2087 261 2176 Augustum
277 2079 432 2172 spoliasse
447 2105 577 2167 nemus,
594 2081 834 2175 Clymeneaque
852 2083 961 2150 deesse

72 2201 249 2285 Germina,
266 2223 326 2266 nec
342 2199 462 2267 virides
477 2202 553 2267 satis
570 2198 773 2290 illacrymare
791 2223 916 2267 sorores
934 2223 942 2264 τ

72 2316 205 2386 Vellera
220 2318 356 2385 Sidonio
369 2319 438 2409 jam
457 2341 561 2410 pauca
579 2317 750 2385 rubescere
770 2318 858 2401 taho,

73 2442 224 2529 Raraque
240 2435 393 2528 longaevis
410 2437 540 2503 nivibus
559 2433 709 2527 crystalla
728 2434 839 2528 gelari.
888 2435 892 2451 “

71 2555 155 2623 Huic
171 2558 345 2639 Hermum,
362 2552 516 2645 fulvoque
531 2557 656 2646 Tagum
674 2553 845 2622 decurrere
863 2552 956 2638 limo,

76 2674 160 2760 lNec
176 2674 252 2740 satis
267 2673 309 2740 ad
325 2670 450 2764 cultus)
466 2673 541 2740 huic
557 2672 640 2739 Inda
656 2671 791 2741 monilia
806 2671 991 2756 Glaucum,

69 2794 267 2884 Proteaque,
283 2805 382 2884 atque
400 2815 533 2858 omnem
550 2791 693 2859 Nereida
709 2814 854 2883 quaerere
866 2791 957 2882 jussi.

72 2913 166 2978 Hauc
179 2912 207 2978 si
223 2908 423 2979 Thessalicos
437 2909 590 2994 vidisses,
607 2909 743 2995 Phoebe,
763 2933 822 3001 per
841 2933 956 3003 agros,

69 3031 203 3097 Erraret
221 3029 362 3122 Daphne
379 3052 493 3097 secura
511 3054 519 3095 ε
540 3029 573 3094 in
594 3026 689 3096 litore
708 3030 793 3097 Naxi

29 3187 37 3203 ·
69 3147 230 3215 Theseum
245 3149 339 3241 juxta
353 3147 438 3216 foret
457 3148 525 3215 haec
543 3162 717 3240 conspecta
733 3145 860 3231 cubile,

70 3264 217 3333 Gnosida
230 3265 392 3334 desertam
413 3264 570 3359 profugus
587 3264 732 3357 liquisset
748 3281 780 3333 et
798 3269 899 3333 Evan.

71 3381 170 3469 Quod
188 3385 249 3452 nisi
264 3409 317 3452 me
331 3384 438 3477 longis
457 3382 613 3476 placasset
630 3387 717 3450 Juuo
737 3381 892 3476 querelis,

71 3497 184 3566 Falsus
199 3502 275 3569 huic
291 3526 414 3595 pennas
432 3515 464 3568 et
481 3525 604 3570 cornua
621 3515 764 3569 sumeret
779 3502 887 3569 aethrae

70 3621 206 3703 Rector,
223 3619 257 3685 in
272 3619 357 3688 hanc
371 3645 449 3688 vero
465 3619 631 3688 cecidisset
645 3620 774 3712 Jupiter
788 3644 878 3686 auro.

70 3734 135 3802 Sed
154 3734 285 3802 dabitur
297 3739 425 3827 juveni,
442 3740 495 3807 cui
512 3753 563 3823 tu,
580 3763 652 3806 mea
668 3763 797 3806 summa
813 3752 970 3830 potestas,

72 3851 174 3939 Nate,
190 3854 282 3944 cupis
298 3879 307 3920 ε
325 3842 457 3923 thalami
473 3859 622 3948 quamvis
634 3859 712 3951 juga
732 3858 816 3925 ferre
835 3856 969 3925 secundi

74 3967 167 4061 Saepe
182 3985 278 4064 neget
292 3997 429 4041 moerens
446 4000 454 4039 :
475 3975 575 4065 ipsam
591 3979 658 4068 jam
675 3977 789 4044 cedere
806 3978 907 4055 sensi,
