2812 5258
323 406 358 466 58
653 406 864 462 mannans
885 404 994 460 usna
1014 404 1065 458 Vl.
1256 394 1288 458 (v.
1305 401 1357 463 55.)

320 540 507 605 Damnatus
527 535 667 603 flammae
683 546 794 616 torus,
815 546 848 599 et
867 528 993 624 puerile
1012 529 1170 600 feretrum

321 658 467 725 Texitur.
487 658 558 723 Ima
581 655 691 721 virent
709 653 831 747 agresti
850 650 1009 719 stramina
1026 646 1130 716 cultu.

232 839 235 845 ,
322 778 477 844 Proxima
496 775 675 867 gramineis
693 773 866 869 operosior
884 794 960 840 area
973 771 1083 856 sertis,

322 900 364 964 Et
380 896 564 989 picturatus
584 894 757 962 morituris
776 891 914 960 floribus
933 914 1044 984 agger.

321 1015 451 1083 Tertius
470 1037 647 1108 assurgens
663 1012 818 1082 Arabum
832 1025 923 1079 strue
941 1007 1070 1078 tollitur
1084 1008 1171 1077 ordo

321 1136 408 1202 ans
426 1131 618 1226 complexus
638 1155 737 1225 opes,
756 1133 943 1223 incanaque
960 1128 1063 1224 glebis

322 1253 454 1340 Thura,
471 1269 503 1321 et
525 1253 567 1322 ab
589 1254 728 1345 antiquo
746 1251 902 1320 durantia
918 1251 1072 1319 unauna
1095 1247 1189 1318 Belouv

322 1375 459 1442 Summa
478 1388 615 1468 crepant
632 1396 732 1459 auro,
749 1374 917 1466 Tyrioque
938 1369 1102 1440 attollitur
1116 1386 1210 1439 ostro

321 1491 426 1562 Molle
445 1491 657 1587 supercilium
674 1519 682 1561 ε
702 1507 822 1562 teretes
841 1493 907 1561 boo
923 1490 1073 1584 undique
1091 1515 1227 1586 gemmas

322 1613 490 1682 irradiant
507 1637 515 1681 ε
531 1613 647 1682 medio
663 1614 769 1684 Linus
788 1615 986 1681 intertextus
1003 1612 1164 1699 acantho,
1196 1655 1199 1659 ‚

323 1733 524 1827 letiferique
542 1756 640 1803 sanes
657 1759 665 1803 ε
681 1752 767 1829 opus
785 1732 980 1803 admirabile
994 1757 1126 1827 seraper

324 1854 469 1941 Oderat,
487 1869 587 1949 atque
602 1852 717 1924 oeulos
735 1853 888 1924 lleotebat
904 1855 947 1923 ab
964 1854 1076 1923 omine
1089 1867 1206 1922 mater.

373 1979 475 2044 Arma
491 1976 611 2062 etiamr,
632 1990 666 2044 et
683 1989 830 2045 veterum
847 1977 982 2044 exuvias
997 1973 1185 2044 oimnrndat
1206 1999 1343 2042 avorum

324 2094 441 2165 Gloria
455 2096 558 2163 mixta
573 2095 689 2185 malis,
709 2095 904 2191 afflictaque
923 2096 1068 2166 ambitus
1080 2094 1185 2181 faula,

325 2218 395 2286 Ceu
417 2215 541 2308 grande
557 2216 722 2309 exsequiis
736 2241 842 2303 onus,
860 2231 961 2308 atque
977 2217 1138 2283 immensa
1156 2213 1309 2281 ‘ferantur

325 2333 480 2405 Membra
498 2348 573 2405 toro
589 2335 667 2406 :sed
687 2356 778 2406 cassa
794 2350 904 2404 taurea
915 2332 1106 2426 sterilisque
1121 2331 1268 2399 dolentes

326 2459 426 2524 Fama
440 2455 554 2547 juvat,
569 2457 733 2550 ¹partuque
747 2469 933 2548 augescunt
946 2477 1089 2522 munere
1108 2475 1230 2519 manes.

244 2579 245 2582 ’
325 2574 407 2644 lnde
421 2576 538 2669 ingens
551 2573 707 2669 lacrymis
718 2575 846 2664 bonor,
864 2589 898 2644 et
918 2572 1105 2643 nsiseranda
1120 2569 1291 2665 voluptas,

326 2699 533 2790 Muneraque
551 2696 585 2762 in
603 2695 730 2765 cineres
750 2697 847 2766 annis
864 2697 1017 2791 graviora
1034 2692 1197 2762 feruntur.

327 2818 479 2909 Namque
497 2813 546 2883 illi
558 2830 599 2885 et
614 2816 804 2912 pharetras,
824 2817 1042 2908 brevioraque
1061 2813 1128 2883 tela
1146 2812 1272 2880 dicarat

326 2937 477 3004 Festinus
495 2937 565 3003 voti
584 2950 690 3030 pater,
707 2938 921 3029 insontesque
940 2936 1088 3030 sagittas.

327 3059 400 3124 lam
420 3069 499 3123 tunc
516 3069 550 3122 et
569 3070 649 3124 nota
666 3054 804 3125 stabulis
825 3054 866 3124 de
883 3069 983 3149 gente
1000 3056 1158 3149 probatos

328 3179 367 3244 In
385 3199 507 3243 nomen
524 3175 680 3270 pascebat
694 3199 821 3268 equos,
839 3177 1035 3268 cinctusque
1051 3189 1221 3261 sonantes,

327 3297 494 3385 Armaque
508 3296 653 3386 majores
671 3309 899 3390 exspectatura
916 3294 1065 3365 lacertos.

328 3415 409 3504 Spes
428 3409 551 3480 avidae!
572 3437 653 3506 quas
671 3440 739 3483 non
760 3418 796 3484 in
816 3441 937 3485 nomen
957 3415 1090 3485 credula
1109 3429 1213 3484 vestes

329 3531 480 3625 Urgebat
494 3531 632 3602 studio?
651 3533 826 3630 cultusque
846 3538 988 3631 insignia
1006 3539 1101 3630 regni

328 3653 533 3744 Purpureos,
553 3668 788 3748 soeptrumque
807 3657 937 3725 minus?
952 3671 1073 3726 cuncta
1084 3654 1221 3750 ignibus
1239 3654 1319 3722 atris

329 3774 475 3840 Damnat
490 3786 602 3860 atrox,
621 3798 745 3869 suaque
756 3778 832 3871 ipse
852 3802 971 3871 parens
993 3777 1172 3871 gestamina
1184 3776 1288 3858 ferri,

329 3892 364 3958 Si
380 3888 510 3959 damnis
526 3892 680 3963 rabidum
699 3910 800 3988 queat
817 3912 1006 3965 exsaturare
1025 3896 1183 3966 dolorem.

377 4012 474 4082 Parte
491 4011 556 4082 alia
573 4017 667 4108 gnari
683 4018 818 4087 monitis
834 4019 998 4087 exercitus
1017 4020 1117 4088 instat
