2812 5258
336 410 376 467 81
663 399 875 459 mamus
884 398 1008 455 matt
1023 397 1075 451 VI.
1258 390 1292 452 (v.
1303 394 1370 454 πῖ.)

338 536 375 601 ls
389 534 486 629 vigor
503 530 654 625 ingenio,
671 538 764 595 tanta
780 522 983 617 experientia
998 518 1121 588 dextrae
1136 532 1204 603 est,

338 650 439 727 Ultro
453 649 562 721 ullu
575 646 695 715 animis
711 644 880 735 intratque
898 655 932 709 et
949 639 1142 723 obumbrat,
1160 653 1195 705 et
1212 635 1280 704 alte

338 771 469 851 &silim
485 782 524 837 nt
540 788 687 861 pnoeps
702 762 838 835 cumulo
856 760 933 831 salit
951 760 1043 830 unda
1060 762 1223 829 minantes

338 894 379 961 ln
397 887 571 983 scopulos,
589 899 623 954 et
641 882 745 953 fracta
765 881 870 967 redit,
890 883 937 950 sic
955 879 1010 949 ille
1029 879 1192 949 furentem

337 1009 465 1081 Circuit
482 1028 678 1101 expugnans
695 1029 703 1071 :
719 1003 809 1072 levat
825 1026 918 1087 eece,
936 1001 1063 1095 diuque
1079 1001 1227 1071 minatur

337 1131 378 1197 ln
395 1126 500 1210 latus,
517 1127 619 1218 inque
639 1121 755 1193 oculos
774 1148 782 1192 :
800 1119 893 1192 illum
914 1121 1022 1213 rigida
1039 1145 1131 1189 arma
1150 1135 1325 1190 caventem

338 1250 483 1333 Arocat,
500 1259 533 1314 et
547 1243 701 1315 manibus
719 1243 921 1336 necopinum
936 1241 1104 1311 interserit
1122 1242 1224 1309 ictum

341 1363 508 1452 Callidus,
529 1389 568 1435 ac
589 1363 731 1433 mediam
748 1362 901 1457 designat
918 1359 1055 1431 vulnere
1063 1352 1224 1430 ¹frontem.

388 1487 461 1553 lam
482 1507 598 1567 cruor,
620 1497 654 1551 et
672 1480 786 1576 tepido
800 1482 975 1574 signantur
994 1495 1145 1576 tempora
1163 1483 1246 1551 rivo.

341 1604 454 1674 Nescit
461 1602 570 1672 adhuc
583 1603 772 1694 Capaneus,
787 1599 1001 1691 subitumque
1011 1625 1072 1694 per
1081 1603 1214 1696 agmina
1232 1628 1378 1673 murmur

340 1724 509 1791 Miratur:
527 1745 643 1790 verum
664 1734 701 1789 ut
718 1717 836 1789 fessam
856 1744 958 1813 super
975 1744 1034 1789 ora
1054 1719 1187 1790 redusit

341 1846 441 1910 Forte
458 1865 612 1924 manum,
627 1855 661 1910 et
676 1863 806 1911 summo
824 1838 971 1911 maculas
988 1842 1023 1911 in
1041 1838 1163 1911 vellere
1181 1843 1288 1931 vidit,

342 1965 422 2032 Non
440 1962 511 2053 leo,
529 1988 599 2033 non
611 1960 724 2057 jaculo
743 1976 875 2032 tantum
892 1961 1065 2058 indignata
1081 1979 1212 2058 recepto

342 2085 453 2179 Tigris
468 2110 477 2152 z
492 2085 561 2179 agit
578 2098 650 2155 toto
669 2081 843 2163 cadentem
860 2082 1009 2155 fervidus
1025 2108 1107 2155 arvo

344 2205 595 2296 Praecipitatquc
613 2218 704 2271 retro
721 2194 901 2297 juvenem,
921 2217 1022 2296 atque
1038 2204 1073 2273 in
1093 2218 1184 2297 terga
1202 2207 1357 2295 supinat,

343 2320 509 2389 Dentibus
526 2320 734 2389 horrendum
754 2320 916 2404 stridens,
936 2323 1148 2415 geminatque
1164 2335 1288 2390 rotatas

343 2436 611 2532 Multiplicatque
628 2461 746 2507 manus
765 2463 775 2507 ε
791 2439 929 2533 rapiunt
944 2440 1121 2509 conamina
1141 2441 1248 2527 vcnti,

345 2564 423 2629 Pars
440 2557 529 2626 cadit
547 2558 581 2627 in
600 2571 740 2627 caestus:
756 2571 852 2628 motu
872 2561 1056 2653 Spartanus
1072 2576 1169 2630 acuto

346 2677 439 2748 Mille
458 2691 553 2746 cavet
573 2675 681 2772 lapsas
701 2678 832 2749 circum·
848 2704 932 2749 cava
951 2695 1099 2775 tempora
1117 2695 1254 2769 mortes,

347 2796 546 2893 Auxilioque
564 2797 712 2893 pedum:
734 2799 810 2888 sed,
830 2826 898 2871 non
918 2816 1027 2873 tameu
1047 2801 1221 2870 immemor
1239 2805 1340 2890 artis,

346 2919 514 2991 Adversus
534 2918 637 3015 sugit,
657 2935 690 2990 et
705 2921 836 3018 fugiens
853 2936 962 2993 tamen
980 2923 1100 2991 ictibus
1121 2923 1241 2992 obstat.

395 3041 439 3108 Et
456 3041 526 3133 jam
547 3054 726 3136 utrumque
744 3041 850 3129 labor,
869 3043 1077 3137 suspiriaque
1095 3069 1184 3138 agra
1204 3044 1356 3139 fatigant.

346 3157 488 3229 Tardius
506 3158 560 3229 ille
581 3163 726 3254 premit:
745 3187 806 3231 nec
822 3162 893 3254 jam
909 3163 964 3231 bic
982 3164 1138 3235 absistere
1154 3164 1273 3234 velox:
1381 3228 1388 3238 ,

347 3278 544 3372 Defectique
562 3281 661 3350 ambo
680 3282 837 3376 genibus,
857 3285 1046 3378 pariterque
1063 3287 1229 3378 quierunt.

396 3398 450 3465 Sic
469 3398 526 3466 ubi
545 3397 647 3494 longa
666 3426 769 3496 vagos
786 3399 953 3472 lassarunt
971 3431 1105 3500 aequora
1126 3422 1262 3494 nautas,

352 3521 395 3586 Et
413 3519 508 3611 signo
527 3517 568 3587 de
588 3544 700 3615 puppe
717 3520 796 3593 dato
815 3548 956 3616 posuere
975 3550 1154 3620 parumper

348 3637 508 3727 Brachia3
528 3641 583 3707 vix
599 3642 752 3733 requies,
767 3643 838 3736 jam
856 3668 922 3713 vox
938 3647 1004 3719 ciet
1020 3646 1124 3716 altera
1141 3660 1265 3719 remos.¹

398 3760 484 3827 Ecce
500 3760 621 3831 iterum
637 3761 813 3833 immodice
835 3767 1022 3837 venientem
1040 3766 1163 3856 eludit,
1182 3785 1215 3839 et
1233 3773 1301 3841 exit

351 3882 476 3974 Sponte
495 3905 611 3971 ruens,
629 3907 823 3979 mersusque
841 3886 988 3957 humeris
1007 3916 1014 3957 :
1035 3889 1222 3961 effunditur
1242 3889 1298 3959 ille

350 4001 389 4070 ln
410 4016 510 4095 caput
530 4027 538 4071 ε
557 4020 785 4100 assurgentem
802 4005 869 4076 alio
890 4033 975 4104 puer
994 3997 1167 4106 improbus
1184 4013 1252 4082 ictu
