2812 5258
187 405 245 459 33ο
556 399 850 456 ADNOTATIONFS

185 515 327 573 barthius.
342 516 376 570 ln
393 513 483 570 Statio
496 526 633 589 sequente
644 534 729 572 versu
743 515 835 587 ejecto
850 514 987 586 conjecit:
1005 515 1093 571 oona
1105 515 1159 593 [sc.
1174 519 1229 574 tibi

184 610 274 678 bella,
287 626 323 663 ex
335 603 406 683 seq]
418 607 531 681 capessi
539 604 713 684 (capessivit,
727 608 810 664 «Nec
825 607 879 663 tibi
894 627 916 664 s.
930 627 952 663 s.
966 607 985 662 i.
999 607 1074 664 bella
1091 628 1121 683 p.
1133 636 1146 659 ι

228 713 282 766 Vel
300 713 422 786 ingmeoe
436 709 475 788 (v.
492 709 570 786 907).
589 712 666 767 MB:
685 731 758 767 «nec
771 713 886 786 ingr.,»
899 729 1057 785 perperam.

569 944 611 1000 IN
630 943 778 999 LIBRUM
797 944 835 998 X.

223 1187 350 1240 Ismenos
368 1181 459 1254 mpn's
474 1177 513 1255 (v.
529 1177 588 1254 η).
607 1179 662 1234 ΜΒ
675 1187 704 1234 et
716 1179 802 1252 pauci
819 1179 854 1233 at.
875 1199 884 1232 :
902 1181 987 1251 rapti.

224 1291 309 1342 Juvat
318 1286 471 1341 exhaustos
485 1283 523 1361 (v.
540 1285 576 1341 36
590 1281 673 1360 sqq.).
689 1285 777 1340 Recte
793 1283 895 1339 Marki.
911 1285 953 1337 nd
969 1284 1051 1350 Sila,
1069 1303 1108 1352 ιι,
1122 1285 1153 1355 3,
1168 1284 1223 1354 33,

185 1380 308 1452 conjecit
324 1391 409 1434 erant
424 1389 453 1434 et
466 1376 677 1434 distinctionem
696 1377 831 1446 mutavit,
848 1395 932 1451 qoam
951 1387 1045 1432 tamen
1066 1377 1107 1433 ita
1126 1379 1224 1452 potius

185 1470 378 1529 constituerim
398 1491 404 1524 :
425 1495 437 1519 α
457 1471 542 1525 Juvat
559 1470 623 1525 exh.
642 1469 703 1524 iter.
723 1469 844 1524 labores.
863 1468 942 1524 Sicut
961 1480 1044 1522 erant
1062 1467 1225 1545 (pulvim...

185 1561 291 1639 adhuc)
306 1573 451 1618 vertere.»
471 1561 517 1616 Ad
535 1571 680 1634 postrema
699 1561 783 1634 gioss.
803 1581 810 1614 ι
831 1559 886 1615 «in
906 1577 1052 1633 campum,
1072 1561 1151 1617 unde
1175 1581 1228 1616 re-

184 1655 331 1710 dierant.»

227 1749 349 1821 Torquet
361 1741 398 1821 (v.
416 1740 475 1819 45).
490 1764 505 1793 ι
515 1742 625 1817 Optimi
638 1743 705 1799 libri
722 1744 828 1800 babent
842 1754 937 1799 torret.
955 1769 968 1794 ι»
986 1747 1095 1801 Banu.

224 1854 260 1907 ln
274 1851 369 1904 ἱίυιὺιε
387 1845 426 1923 (v.
444 1847 502 1921 48).
524 1849 579 1903 ΜΒ
593 1867 601 1902 t
616 1847 669 1903 «in
686 1849 837 1923 parietem
854 1848 1006 1923 trisyllabe.
1025 1849 1135 1902 limane
1154 1847 1225 1903 sort.

184 1952 279 1998 ortum
298 1959 333 1996 ex
349 1939 544 2014 dittographia
564 1941 707 2015 sequentis
720 1959 824 1996 versus.
840 1941 884 1996 Ibi
898 1941 973 1996 enim
993 1939 1137 1996 barthiani
1156 1960 1226 1996 om·

183 2053 247 2104 nes,
270 2034 294 2090 si
320 2034 391 2108 qnid
412 2033 598 2090 tribuendum
623 2033 711 2108 ipsius
733 2033 857 2104 silentio,
884 2034 1049 2108 conspirant
1066 2051 1133 2090 cum
1154 2033 1226 2090 edd.

185 2137 254 2183 vett.
269 2147 276 2181 :
291 2127 344 2181 «in
360 2127 577 2201 liminetempli.
593 2127 710 2198 »Quod
728 2137 770 2184 est
783 2127 868 2183 etiam
881 2127 911 2182 in
929 2127 1083 2182 lindenbr.
1102 2127 1225 2201 aliquot.

185 2219 322 2293 Margine
335 2219 365 2273 in
375 2219 581 2289 Gronovianis,
595 2237 682 2293 quem
693 2217 770 2274 vide.

224 2325 362 2379 Flammis
381 2321 420 2400 (v.
445 2322 503 2400 55).
527 2325 642 2380 «Liber
666 2335 726 2397 opt.
752 2325 857 2399 aliique
883 2324 974 2380 nostri
994 2333 1157 2380 constanter
1178 2327 1227 2380 vei

176 2409 272 2479 firmis
285 2416 330 2468 vel
340 2412 434 2481 firmis
453 2415 566 2469 habent.
590 2416 652 2468 Hoc
674 2415 860 2484 Papinianum
883 2433 941 2469 esse
959 2426 1045 2486 puto,
1064 2426 1097 2469 ut
1117 2415 1227 2472 odores

183 2505 323 2580 pretiosos
335 2514 424 2560 notet.
441 2529 453 2553 υ
474 2507 581 2559 Baxrn.

223 2598 316 2652 Fortis
330 2594 444 2670 ‹rffinso
457 2597 556 2652 monii
566 2593 604 2673 (v.
619 2594 678 2670 64).
693 2597 748 2651 ΜΒ
763 2616 770 2650 :
783 2597 901 2666 morito,
917 2593 1000 2671 prob.
1019 2595 1114 2650 Barth.
1134 2620 1148 2646 a
1166 2601 1227 2655 Ju-

185 2710 288 2747 nonem
306 2691 430 2765 puellam
448 2689 491 2746 illi
510 2692 670 2746 velamento
688 2691 883 2760 intexuerant,
905 2699 937 2745 ut
949 2687 1150 2744 recordaretur
1161 2711 1224 2766 pu-

182 2784 262 2840 doris
276 2784 319 2840 sui
333 2795 361 2840 et
375 2803 410 2840 eo
424 2782 512 2860 magis
531 2783 700 2839 irasceretur
714 2782 875 2852 Thebanis,
891 2780 940 2836 ubi
955 2791 1036 2834 erant
1051 2782 1120 2835 olim
1139 2783 1222 2838 Iovis

183 2876 335 2950 pellices.»
357 2878 455 2931 Guoss.
475 2907 514 2918 -
531 2875 643 2931 Deinde
657 2896 684 2929 v.
702 2875 739 2931 66
761 2886 836 2932 recte
853 2873 905 2927 ΜΒ
928 2881 956 2925 et
975 2872 1009 2925 al.
1030 2872 1125 2927 Barth.
1146 2894 1153 2926 2
1172 2875 1221 2928 in-

183 2969 309 3023 duerunt.
1130 3020 1134 3029 ,

226 3061 290 3115 Stat
299 3060 518 3133 superceciduoe
527 3056 564 3135 (v.
576 3057 633 3134 84).
645 3060 697 3113 ΜΒ
708 3079 714 3111 :
725 3083 735 3104 a
746 3067 799 3111 stat
805 3055 897 3122 juno
907 3072 987 3109 occ.»
998 3056 1096 3110 Postea
1106 3057 1220 3113 Ethio-

181 3172 238 3228 pas
254 3151 323 3206 dicit
344 3151 488 3224 hesperios
503 3152 547 3206 vel
568 3149 769 3214 occidentales,
790 3158 875 3202 notos
888 3147 946 3219 jam
966 3165 1000 3201 ex
1019 3147 1152 3202 Homero.
1176 3150 1219 3205 cf.

184 3245 221 3300 ad
234 3264 314 3320 seqq.
330 3245 500 3300 Ovidianam
515 3243 731 3316 descriptionem
746 3240 775 3295 in
790 3240 864 3295 libro
880 3260 912 3294 xi
930 3239 1118 3314 Metamorph.

223 3340 303 3392 Licet
323 3337 419 3391 omnia
437 3339 560 3390 clament
573 3334 611 3411 (v.
626 3328 683 3408 94).
699 3331 924 3406 obsequendum
941 3332 987 3386 hic
1005 3341 1066 3386 erat
1087 3331 1220 3387 codicum

183 3447 287 3504 magno
303 3428 467 3497 consensui,
488 3428 605 3482 horraila
619 3424 823 3481 exhibentium.

224 3531 336 3586 Mille...
352 3534 448 3607 imago
462 3531 498 3606 (v.
518 3527 669 3599 roo-105).
685 3530 794 3584 Desunt
813 3529 842 3584 hi
856 3529 984 3604 quinque
1005 3547 1101 3584 versus
1118 3529 1148 3582 in
1166 3531 1221 3585 ali-

184 3632 256 3699 quot
272 3622 433 3692 codicibus,
447 3623 496 3678 sed
510 3623 560 3689 iis,
573 3630 713 3694 quantum
726 3621 790 3676 sciri
804 3632 912 3694 potest,
926 3621 1145 3688 recentioribus,
1158 3640 1220 3676 uno

184 3725 303 3788 excepto
323 3716 386 3769 ΜΒ.
405 3713 559 3782 Quomodo
582 3731 647 3768 cnm
664 3715 835 3788 Voluptate,
853 3714 981 3782 Labore,
1000 3714 1127 3782 baccho,
1152 3723 1220 3785 etc,

181 3807 297 3880 junctus
310 3805 428 3881 cogitari
442 3805 544 3860 debeat
563 3807 685 3862 Somnus
699 3807 786 3875 deus,
800 3804 911 3882 egregia
926 3816 992 3860 nota
1002 3804 1135 3877 exposuit
1147 3808 1222 3860 Gro-

184 3919 250 3956 nov.
265 3899 399 3973 ipsosque
411 3916 507 3953 versus
521 3907 549 3952 et
563 3899 651 3954 Statio
666 3908 694 3953 ct
706 3898 773 3955 huic
787 3900 851 3952 loco
865 3897 1024 3952 vindicavit.
1035 3896 1115 3951 idern
1125 3907 1220 3953 tamen

185 3992 266 4065 quod
287 4011 312 4045 v.
341 3997 393 4054 rol,
417 3992 530 4046 interius
554 4001 654 4046 tectum
681 3993 708 4044 in
727 3990 922 4065 penetralibus
944 3989 1011 4042 altis
1041 3998 1137 4044 tuetur
1164 4008 1218 4062 pro
