2812 5258
327 442 381 480 aaa
636 423 844 478 THEBAIDOS
866 421 974 476 LIBER
995 420 1046 475 111.
1255 419 1356 482 (ussa

325 551 423 617 Nunc
435 552 558 616 ferrum
572 547 779 641 adspectans,
791 549 990 637 «Nunquam
1000 544 1061 610 tibi
1072 543 1240 636 sanguinis
1250 543 1355 636 hujus

324 670 381 734 Jus
397 668 474 753 erit,
492 679 550 734 aut
569 690 688 760 magno
703 666 799 734 feries
816 662 991 757 imperdita
1007 661 1119 755 Tydeo

323 787 478 852 Pectora:
497 783 582 851 vado
599 783 751 877 equidem
771 781 956 868 exsultans,
976 794 1154 873 ereptaque
1169 778 1239 849 fata

325 905 495 994 Insequor,
515 918 548 971 et
568 905 701 970 comitas
719 902 807 970 feror
826 913 1031 993 exspectatus
1050 897 1092 966 ad
1109 898 1253 967 umbras.

322 1023 368 1088 Te
387 1023 533 1114 Superis,
554 1018 750 1113 fratriquela
769 1024 813 1088 Et
826 1022 894 1111 jam
912 1016 1019 1087 media
1036 1040 1109 1085 orsa
1128 1013 1297 1109 loquentia

323 1137 511 1206 Abstulerat
528 1137 662 1231 planum
683 1136 799 1230 capulo
816 1134 901 1204 latus
919 1161 927 1203 :
947 1134 1001 1203 ille
1019 1133 1125 1202 dolori

322 1256 467 1347 Pugnat,
481 1271 515 1325 et
532 1258 698 1350 ingentem
715 1258 794 1324 nixu
810 1252 996 1347 duplicatus
1012 1254 1046 1320 in
1064 1254 1166 1321 ictum

323 1374 456 1441 Corruit
473 1376 693 1466 extremisque
713 1375 830 1442 animae
846 1370 1041 1464 singultibus
1057 1394 1169 1439 errans

323 1489 475 1560 Alternus
492 1518 582 1561 nunc
598 1517 656 1561 ore
670 1494 780 1579 venit,
799 1516 888 1559 nunc
906 1488 1042 1557 vulnere
1060 1488 1202 1582 sanguis.

369 1615 520 1679 Excussae
537 1636 710 1704 procerum
736 1627 878 1696 tuentes,
896 1609 1089 1700 turbataque
1107 1621 1258 1677 mussant

322 1726 469 1797 Concilia
487 1754 495 1796 ε
515 1743 564 1797 ast
585 1728 678 1797 illurn
696 1729 832 1821 conjux,
853 1726 975 1819 fidique
993 1740 1146 1820 parentes

324 1848 515 1913 Servantem
530 1845 656 1933 vultus,
676 1861 709 1914 et
728 1861 859 1913 torvum
877 1846 911 1913 in
929 1859 1035 1913 morte
1052 1857 1204 1939 peracta,

323 1965 391 2033 Nec
407 1962 541 2058 longum
564 1964 715 2033 reducem
733 1962 845 2050 laetati,
866 1965 900 2031 in
919 1977 1005 2033 tecta
1020 1962 1179 2031 ferebant.

371 2082 434 2150 Sed
455 2080 547 2150 ducis
565 2082 688 2150 infandi
708 2082 830 2151 rabidae
846 2107 913 2150 non
928 2082 1086 2150 hactenus
1106 2081 1163 2150 iras

323 2203 415 2267 Stare
433 2215 558 2292 queunt
576 2215 686 2269 :vetat
705 2202 781 2294 igne
796 2201 883 2294 rapi,
903 2223 1080 2295 pacemque
1097 2194 1245 2292 sepulcri

322 2319 446 2409 Impius
465 2320 587 2410 ignaris
602 2321 819 2412 nequicquam
840 2320 991 2388 manibus
1008 2333 1107 2387 arcet.

366 2440 417 2505 Tu
438 2452 546 2505 tamen
565 2440 714 2531 egregius
732 2439 808 2526 fati,
832 2442 1033 2531 mentisque,
1051 2461 1112 2507 nec
1130 2460 1276 2533 unquam

321 2555 498 2649 Indignum
516 2580 650 2648 passure
668 2557 785 2643 situm,
803 2559 861 2649 qui
880 2560 1029 2626 cominus
1048 2578 1149 2625 ausus

318 2674 446 2743 Vadare
463 2688 665 2743 contemtum
685 2678 784 2770 regis,
802 2700 932 2768 quaque
951 2674 1059 2769 ampla
1076 2674 1207 2745 venirat

318 2794 465 2862 Libertas
484 2796 609 2862 sancire
628 2795 732 2879 viam;
752 2819 818 2886 quo
835 2796 978 2863 carmine
998 2793 1150 2889 dignam,

319 2913 397 3000 Quo
419 2916 495 2982 satis
514 2939 570 2982 ore
590 2916 654 2982 tuis
672 2914 793 2981 famam
810 2916 987 2983 virtutibus
1009 2914 1147 3003 addam,

317 3034 432 3125 Augur
449 3047 555 3102 amate
571 3032 671 3101 Deis?
691 3057 758 3101 non
774 3048 806 3102 te
823 3034 964 3102 eoelestia
986 3034 1107 3103 frustra

315 3149 472 3238 Edocuit,
492 3151 651 3245 lauroque
670 3176 728 3220 sua
748 3152 903 3245 dignatus
922 3151 1041 3246 Apollo
1060 3168 1129 3223 est:

315 3270 359 3335 Et
373 3293 541 3337 nemorum
556 3269 696 3338 Dodona
713 3295 849 3364 parens,
867 3271 1087 3363 Cyrrhaeaque
1104 3273 1202 3367 virgo

316 3385 455 3455 Audebit
476 3389 573 3456 tacito
592 3389 732 3483 populos
752 3389 950 3484 suspendere
970 3385 1114 3458 Phoebo!

316 3506 415 3573 Nunc
431 3529 561 3598 quoque
579 3510 736 3576 Tartareo
755 3508 897 3578 multum
916 3507 1037 3577 divisus
1051 3512 1183 3579 Averno

314 3623 452 3715 Elysias,
468 3624 495 3710 i,
514 3647 611 3716 carpe
630 3624 768 3718 plagas:
788 3627 845 3695 ubi
863 3627 1014 3695 manibus
1034 3628 1103 3696 axis

314 3742 427 3810 Invius
444 3743 595 3836 Ogygiis,
613 3766 674 3811 nec
696 3746 798 3813 sontis
819 3747 931 3840 iniqua
947 3747 1093 3840 Tyranni

314 3863 407 3929 Jussa
424 3859 533 3929 valent
550 3886 558 3927 :
577 3861 696 3930 durent
713 3862 863 3952 habitus,
881 3880 914 3932 et
934 3867 1080 3934 membra
1098 3869 1253 3939 cruentis

314 3978 473 4048 Inviolata
491 3979 584 4067 feris,
602 3981 757 4075 nudoque
776 3984 837 4052 sub
854 4008 914 4052 axe
927 3988 1090 4078 jacentem
