2812 5258
72 481 165 540 (vs-170.)
395 464 583 521 sutanum
601 465 707 520 LIBER
729 465 764 519 11.
1056 470 1087 526 tv

74 598 121 663 Tu
140 591 238 662 modo
255 592 343 659 fusus
359 590 470 674 humi,
488 587 595 656 lucem
613 589 771 657 aversaris
789 589 947 679 iniquam3

71 714 172 781 Nunc
190 725 313 794 torvus,
329 709 451 800 pariter
466 719 571 773 vestes
588 719 621 772 et
639 718 772 798 pectora
787 707 926 798 rumpis,

72 827 280 919 Dilectoaque
296 826 416 919 premis
431 825 541 908 visus,
557 837 589 890 et
604 821 721 916 frigida
735 820 816 890 libas
911 878 916 893 .

73 944 194 1014 Oscula
212 969 220 1011 :
240 957 333 1011 erant
348 940 414 1011 illic
431 944 570 1035 genitor,
586 953 755 1032 materque
769 941 905 1033 jacentis

72 1066 205 1146 Moesta3
224 1060 280 1129 scd
300 1061 431 1128 attoniti
447 1075 479 1128 te
495 1074 681 1152 spectavere
698 1074 857 1151 parentes.

121 1180 213 1268 Quid
229 1177 373 1247 mirum?
390 1177 482 1272 plebs
497 1192 615 1247 cuncta
633 1178 738 1263 nefas,
756 1192 789 1246 et
803 1179 922 1269 praevia
940 1179 1059 1246 flerunt

73 1299 228 1391 Agmina,
244 1296 405 1364 Flaminio
422 1321 493 1388 quae
510 1294 612 1376 limite
627 1293 761 1363 Milvius
778 1319 877 1389 agger

73 1415 287 1501 Transvehit,
305 1415 486 1481 immeritus
503 1414 641 1480 flammis
658 1413 736 1481 dum
754 1411 898 1480 tristibus
915 1411 1022 1479 infans

74 1531 238 1617 Traditur,
256 1544 288 1599 ct
304 1534 462 1625 gemitum
479 1530 648 1623 formaque
666 1555 798 1623 aevoque
816 1532 968 1598 meretur.

74 1647 161 1717 Talis
178 1650 212 1716 in
228 1650 419 1717 isthmiacos
436 1647 583 1742 prolatus
599 1648 639 1715 ab
656 1672 784 1740 aequore
801 1661 914 1740 portus

75 1765 261 1858 Naufragus
277 1768 430 1859 imposita
443 1767 545 1859 jacuit
563 1766 623 1833 sub
642 1779 745 1833 matre
761 1763 924 1834 Palaemon
941 1789 949 1830 :

76 1885 129 1950 Sic
145 1896 178 1949 et
194 1885 229 1948 in
245 1883 419 1974 anguiferae
434 1882 601 1950 ludentem
617 1886 763 1976 gramine
779 1886 894 1951 Lernae

75 1998 253 2066 l‘raecisum
269 1999 448 2088 squammis
463 1998 595 2065 rabidus
615 2000 689 2067 tulit
705 2001 820 2092 anguis
837 1999 1011 2091 Ophelten.

127 2117 217 2183 Pone
233 2127 358 2200 metus,
377 2112 498 2206 letique
513 2117 618 2182 minas
635 2115 751 2183 desiste
767 2118 870 2183 vereri
889 2142 897 2183 ε

78 2233 177 2302 lllum
194 2259 254 2302 nec
272 2247 365 2301 terno
383 2231 514 2300 latrabit
530 2234 692 2303 Cerberus
709 2259 766 2301 ore

23 2412 33 2429 .,
78 2351 179 2423 Nulla
196 2377 289 2419 soror
307 2352 465 2434 flammis,
483 2351 575 2457 nulla
592 2351 834 2445 assurgentibus
850 2352 961 2443 hydris

77 2470 225 2539 Terrebit
243 2495 251 2537 ε
269 2471 350 2562 quin
370 2471 438 2561 ipse
455 2468 557 2536 avidae
574 2483 649 2538 trux
665 2472 775 2536 navita
793 2469 914 2561 cymbae

78 2589 219 2656 Interius
235 2586 360 2657 steriles
378 2589 483 2680 ripas,
499 2602 532 2655 et
549 2586 663 2655 adusta
682 2587 804 2655 subibit

79 2708 211 2793 Litora,
229 2730 271 2774 ne
286 2730 390 2798 puero
405 2705 488 2773 dura
507 2705 688 2774 ascendisse
703 2703 849 2773 facultas.

127 2824 218 2911 Quid
237 2825 318 2891 mibi
334 2822 489 2917 gaudenti
506 2821 614 2916 proles
630 2821 777 2915 Cyllenia
794 2823 886 2915 virga

81 2941 244 3011 Nuntiat?
260 2955 350 3010 estne
366 2939 490 3034 aliquid
509 2955 575 3008 tam
592 2965 676 3008 saevo
694 2943 728 3009 in
746 2954 893 3032 tempore
910 2937 1047 3006 laetum?

81 3062 254 3129 «Noverat
271 3058 426 3152 effigiem,
444 3059 657 3152 generosique
674 3058 776 3126 ardua
792 3056 883 3127 utaesi

83 3181 152 3244 Ora
168 3202 262 3270 puer,
279 3176 357 3246 dum
376 3200 460 3269 saepc
476 3176 565 3244 domi
583 3200 668 3243 nova
681 3189 766 3242 serta
783 3174 938 3267 ligantem

83 3297 128 3361 Te
145 3293 252 3382 videt,
270 3308 302 3364 et
318 3293 440 3363 similes
459 3307 639 3388 tergentem
657 3306 788 3386 pectore
804 3295 928 3360 curua'

85 3415 180 3480 Hunc
196 3413 252 3481 ubi
267 3413 389 3482 Lethaei
407 3411 600 3481 lustrantem
616 3411 754 3506 gurgitis
769 3434 843 3478 oras

85 3531 246 3598 Ausonios
264 3533 347 3600 inter
363 3555 534 3624 proceres,
551 3531 733 3621 seriemque
747 3529 881 3618 Quirini

85 3649 247 3740 Agnovit,
263 3648 375 3717 timide
392 3651 534 3742 primum
553 3649 689 3743 vestigia
704 3649 814 3742 jungit

86 3769 225 3832 Accessu
243 3768 357 3850 tacito,
375 3792 580 3862 summosque
597 3766 724 3836 lacessit
740 3767 886 3834 amictus.

85 3880 167 3951 Inde
184 3884 286 3976 magis
303 3885 460 3974 sequitur,
476 3911 581 3978 neque
597 3887 686 3954 enim
702 3887 804 3978 magis
820 3882 875 3951 ille
893 3883 1073 3952 trahentem

85 4001 232 4091 Spernit,
249 4014 282 4068 et
299 4002 411 4093 ignota
427 4003 529 4070 credit
545 4004 586 4071 de
603 4007 704 4097 stirpe
722 4016 889 4095 nepotum.
