2812 5258
80 422 196 487 (nale.)
375 421 586 477 THEBAIDOS
609 421 716 476 LIBER
739 423 791 476 xl.
1054 441 1108 492 2¹7

83 550 251 643 Antigone
269 545 376 615 furata
394 543 535 638 gradus,
553 568 612 613 nec
629 559 717 612 casta
735 543 880 611 retardat

81 669 286 762 Virginitas,
305 663 394 734 volat
413 665 533 758 Ogygii
552 662 680 757 fastigia
699 665 785 731 muri

80 790 283 880 Exsuperare
301 785 412 855 furens
430 810 438 852 :
457 786 566 853 senior
582 808 689 852 comes
709 784 810 852 haeret
827 787 918 852 eunti
994 838 998 843 .

81 911 193 994 llctor,
212 921 245 975 et
263 907 317 974 hic
333 929 476 974 summas
496 928 563 973 non
583 904 761 973 duraturus
779 904 821 972 ad
839 928 940 973 arces

82 1029 194 1120 thue
210 1025 326 1121 procul
343 1027 421 1094 visis
440 1022 588 1119 paullum
605 1023 769 1094 dubitavit
786 1026 820 1093 in
838 1027 956 1110 armis,

80 1148 292 1242 Agnovitque
308 1142 459 1240 (nefasl)
474 1142 593 1236 jaculis
609 1159 641 1212 et
659 1168 741 1213 voce
761 1145 901 1238 superba
939 1165 943 1177 ·

82 1270 180 1337 Tecta
200 1269 435 1352 incessentem,
451 1289 571 1358 magno
587 1266 679 1359 prius
697 1267 810 1333 omnia
826 1264 961 1359 planctu

81 1387 216 1481 Implet,
231 1402 265 1454 et
283 1411 301 1454 e
321 1386 423 1453 muris
443 1408 504 1454 ceu
521 1383 714 1453 descensura
734 1385 884 1479 profatur
902 1411 910 1453 z

116 1503 736 1599 «Comprimetelamanu,puullumque
746 1505 832 1575 hanc
841 1505 972 1598 adspice
981 1507 1111 1591 turrim,

84 1629 208 1710 Frater,
226 1641 259 1694 ct
277 1625 447 1694 horrentes
467 1622 552 1693 refer
570 1625 604 1693 in
621 1650 693 1694 mea
708 1624 833 1694 lumina
849 1627 974 1694 cristas

83 1745 285 1838 Agnoscisne
300 1743 431 1812 hostes?
447 1746 494 1813 sic
512 1768 622 1812 annua
638 1759 736 1839 pacta
746 1796 755 1831 ,
767 1744 936 1848 ¹fidemque

84 1863 275 1932 Poscimus?
292 1865 327 1932 hi
345 1862 503 1956 questus?
520 1865 588 1932 hac
606 1879 656 1933 est
674 1864 762 1932 bona
780 1888 877 1933 causa
897 1863 1035 1932 modesti

86 1982 235 2052 Exsulis?
252 1980 424 2076 Argolicos
440 2006 500 2075 per
517 1998 567 2070 te,
586 2005 758 2075 germane,
779 1998 911 2076 penates

85 2144 98 2194 q
111 2102 193 2169 Nam
211 2102 319 2193 Tyriis
335 2103 404 2194 jam
423 2098 535 2170 nullus
552 2100 699 2194 honos),
719 2125 777 2196 per
797 2102 824 2169 si
841 2100 922 2195 quid
937 2104 971 2168 in
989 2098 1043 2169 illa

84 2218 191 2290 Dulce
208 2220 325 2308 domo,
342 2220 499 2289 submitte
520 2223 670 2290 animos:
690 2245 731 2289 en
752 2235 891 2314 utraque
907 2223 1013 2316 gentis

86 2342 197 2410 Turba
216 2355 356 2435 rogant,
373 2340 541 2434 ambaeque
557 2343 643 2410 acics
661 2367 669 2408 τ
689 2355 784 2435 rogat
801 2339 857 2411 illa
877 2366 1012 2410 suorum

87 2461 253 2554 Antigone
268 2460 385 2528 devota
401 2459 514 2547 malis,
531 2476 745 2556 suspectaque
763 2464 850 2557 regi,

87 2584 129 2650 Et
145 2596 276 2648 tantum
291 2595 370 2665 tua,
388 2579 487 2667 dure,
502 2605 596 2650 soror
612 2608 620 2649 :
637 2582 752 2651 saltem
770 2608 829 2651 ora
846 2597 1019 2675 truoesque

87 2698 184 2768 Solve
200 2724 321 2793 genas:
336 2699 433 2769 liceat
449 2699 560 2770 vultus
580 2702 716 2778 fortasse
732 2727 921 2795 supremum

33 2862 40 2884 i
80 2821 231 2888 noscere
250 2817 404 2904 dilectos,
421 2834 472 2904 et,
487 2818 529 2888 ad
550 2820 620 2888 haec
637 2819 801 2906 lamenta,
817 2819 948 2904 videre,

87 2942 182 3008 Anne
199 2939 277 3007 fleas
295 2964 303 3007 :
324 2938 416 3007 illum
437 2940 560 3033 gemitu
577 2941 646 3032 jam
664 2937 811 3033 supplice
832 2955 937 3009 mater

88 3060 243 3151 Frangit,
262 3074 295 3126 et
315 3075 462 3127 exertum
482 3059 645 3128 dimittere
662 3059 784 3128 dicitur
801 3084 920 3129 ensem.

88 3180 139 3246 Tu
159 3179 241 3246 mihi
257 3178 351 3247 fortis
367 3179 496 3247 adhuc?
511 3181 610 3267 mihi,
627 3205 698 3273 quse
716 3196 772 3249 tua
788 3197 886 3249 nocte
903 3182 1021 3276 dieque

88 3296 209 3367 Exsilia
229 3322 422 3390 erroresque
443 3297 526 3367 ileo?
538 3301 608 3393 jam
621 3301 756 3394 jamque
773 3316 954 3370 tumentem

88 3417 217 3486 Placavi
237 3419 317 3503 tibi,
334 3443 437 3503 saeve,
457 3434 583 3513 patrem
601 3447 608 3487 :
627 3419 707 3514 quid
728 3422 864 3489 crimine
883 3421 981 3490 solvis

89 3536 318 3604 Germanum?
335 3563 452 3633 nempe
468 3537 522 3607 ille
540 3538 637 3607 fidem
655 3555 689 3607 et
707 3555 792 3609 stata
807 3540 929 3609 foedera
947 3543 1056 3635 rupit,

90 3650 149 3720 llle
167 3678 304 3741 nocens,
326 3682 493 3752 saevusque
511 3662 603 3729 suis:
623 3675 731 3729 tamen
750 3686 825 3730 ecce
845 3672 999 3731 vocatus·

91 3774 167 3840 Non
186 3774 285 3840 venit.
301 3804 317 3837 ³>
336 3778 394 3845 His
409 3775 556 3871 paullum
573 3779 666 3848 furor
683 3779 912 3875 elanguescere
928 3782 1022 3851 dictis

91 3895 259 3986 Coeperat,
275 3895 478 3988 obstreperet
491 3924 679 3993 quanquam
696 3917 795 3995 atque
811 3906 953 3972 obstaret
968 3907 1116 3997 Erinnys.

91 4015 161 4080 Jnm
178 4013 337 4082 submissa
356 4039 490 4101 manus,
511 4014 598 4085 leute
613 4021 682 4110 jam
703 4021 805 4089 lleetit
823 4022 989 4104 habenas,
