2812 5258
116 465 229 534 (ubit.)
413 459 659 517 ACHIHAEIDOS
678 460 790 514 LIBER
810 464 832 516 l.
1088 479 1143 533 277

117 589 322 671 Attonitum,
342 598 374 653 et
392 585 481 676 turpi
501 597 702 676 quaerentem
720 582 817 653 litora
836 584 935 654 furto.

116 706 307 777 Occidimus
328 729 336 772 :
357 701 481 797 placuit
499 701 693 794 Lycomedis
709 704 842 792 ¹conscia
859 703 965 773 tellus.

116 830 148 897 0
167 821 290 894 scelus!
308 848 350 891 en
368 822 464 890 lluxae
482 822 623 890 veniunt
641 822 676 889 in
693 836 828 915 pectora
845 838 961 893 vestes.

116 942 253 1030 Scinde,
273 966 367 1036 puer,
385 940 513 1027 scinde,
533 955 568 1008 et
586 938 708 1009 timidae
727 965 768 1009 ne
787 941 882 1011 crede
901 944 1039 1036 parenti.

117 1066 177 1132 Hei
185 1063 395 1156 mihi,raptus
403 1057 842 1153 nbithuoenamhaecprocul
853 1061 1144 1158 improbavirgols

166 1186 230 1252 llic
248 1195 386 1251 nutante
406 1177 511 1273 gradu
529 1179 637 1265 stetit,
655 1180 847 1272 amissisque
863 1179 984 1249 suroris

119 1304 253 1372 Viribus
271 1314 349 1367 ante
369 1300 454 1391 ipsas
475 1296 683 1366 tremefactus
699 1298 825 1366 corruit
841 1300 923 1367 araia.

117 1424 211 1489 Tunc
232 1421 408 1487 haerentem
425 1416 577 1485 Ithacum
594 1414 796 1508 Calydonius
815 1431 956 1510 occupat
972 1418 1070 1486 heros
1087 1442 1096 1486 τ

118 1569 135 1603 u
154 1542 224 1608 Nos
244 1552 337 1606 vocat
355 1539 415 1605 iste
434 1535 527 1605 labor
545 1562 553 1603 :
573 1560 681 1629 neque
701 1539 790 1605 euim
812 1560 920 1606 comes
942 1538 990 1605 ire
1013 1561 1149 1623 recuso,

121 1660 155 1728 si
174 1673 205 1725 te
224 1681 302 1726 cura
320 1656 448 1724 trahit:
471 1653 546 1724 licet
567 1655 623 1723 ille
641 1657 835 1725 sonantibus
853 1657 956 1725 antris

118 1778 260 1870 Tethyos
280 1774 423 1844 adversae
443 1776 634 1868 gremioque
653 1790 822 1867 prematur
838 1800 964 1868 aquoso

118 1897 259 1982 Nereos,
278 1895 423 1962 invenies
441 1919 449 1961 ε
468 1909 503 1961 tu
523 1907 649 1963 tautum
665 1891 825 1985 providus
838 1908 912 1962 astu
1033 1958 1036 1963 .

118 2012 231 2082 Tende
248 2016 393 2091 animum
413 2010 563 2105 vigilem,
584 2010 841 2104 loecundumque
855 2014 944 2106 erige
960 2029 1099 2106 pectus:

120 2135 207 2201 Nam
225 2131 305 2199 mihi
323 2133 397 2224 quis
414 2145 528 2199 vatum
544 2127 654 2198 dubiis
673 2130 708 2196 in
727 2104 857 2199 casibus
875 2133 964 2200 ausit

120 2255 200 2319 Fata
218 2248 330 2318 videre
349 2247 463 2343 prior?
483 2277 499 2312 s
517 2247 644 2317 Subicit
662 2250 793 2343 gavisus
810 2242 923 2319 Ulixis
940 2277 960 2324 τ.

168 2400 185 2433 n
205 2372 259 2439 Sic
276 2372 368 2437 Deus
388 2349 743 2461 omnipotemfirmet,
764 2371 810 2438 sio
826 2387 951 2440 annuat
968 2368 1024 2440 illa

122 2490 226 2583 Virgo
245 2504 383 2581 paterna
403 2486 461 2556 tibi
482 2486 569 2559 :sed
585 2511 637 2555 me
655 2512 729 2581 spes
745 2486 872 2559 lubrica
892 2489 1028 2559 tardat:
1071 2552 1075 2559 .

122 2606 255 2678 Grande
275 2604 432 2699 equidem
446 2621 611 2674 armatum
628 2608 743 2676 castris
763 2608 919 2678 inducere
940 2606 1115 2705 Achillem.

122 2725 186 2794 Sed
204 2727 230 2793 si
249 2724 315 2793 fata
332 2737 471 2818 negent,
492 2748 591 2816 quain
610 2723 733 2793 foedum
752 2749 791 2795 ac
811 2729 911 2816 tristex
923 2724 1062 2825 reverti!

122 2847 209 2913 Vota
226 2859 335 2918 tamen
354 2847 507 2913 Danaum
525 2867 592 2910 non
611 2844 773 2912 intentata
790 2844 985 2938 relinquam.

121 2967 258 3057 Jamque
273 2963 354 3031 adeo
371 2978 429 3031 aut
444 2962 550 3032 aderit
571 2986 699 3032 mecum
719 2961 848 3033 Peleius
865 2964 979 3051 heros,
1079 3024 1084 3034 .

124 3087 192 3153 Aut
211 3106 324 3150 verum
341 3084 471 3176 penitus
486 3081 581 3170 latet,
598 3096 632 3151 et
648 3083 719 3153 siue
739 3081 893 3176 Apolline
911 3083 1060 3155 Calchas
1082 3114 1099 3149 a

172 3200 389 3272 Conclamant
399 3204 524 3287 Danai,
543 3200 756 3296 stimulatque
765 3207 970 3298 Agamemno
981 3203 1149 3273 volentes:

123 3327 294 3392 laxantur
310 3335 433 3408 coetus,
451 3320 659 3418 resolutaque
678 3348 848 3394 murmure
865 3324 940 3394 leto

124 3443 265 3535 Agmina
283 3440 479 3510 discedunt-2
496 3440 608 3535 quales
622 3445 692 3536 jam
712 3458 808 3514 nocte
826 3448 1013 3539 propinqua

124 3563 152 3628 E
172 3576 266 3653 pastu
286 3561 475 3631 referuntur
493 3588 588 3658 apes,
608 3563 657 3633 vel
675 3565 709 3633 iu
728 3579 826 3641 antra
844 3567 966 3634 reverti

123 3676 222 3746 Melle
241 3705 326 3749 novo
347 3682 496 3777 gravidas
513 3685 602 3752 mitia
623 3683 714 3754 videt
731 3683 838 3780 Hybla
857 3701 1014 3756 catervas.

125 3801 196 3867 Nec
216 3823 327 3886 mora,
342 3803 413 3894 jam
429 3801 561 3871 dextras
581 3780 741 3874 Ithacesia
759 3806 915 3876 carbasus
932 3831 1030 3878 auras

125 3919 250 4006 Poscit,
269 3933 302 3985 ct
319 3920 352 3986 iu
370 3921 468 3988 remis
485 3920 596 3989 hilaris
616 3922 729 3994 sedere
743 3927 912 4018 juventus.

175 4045 217 4109 At
237 4038 349 4132 procul
371 4036 538 4109 occultum
556 4040 627 4111 falsi
647 4045 710 4113 sub
730 4045 873 4137 imagine
888 4070 983 4115 sexus
