2812 5258
181 437 240 495 ιιι
559 412 854 493 ιιιιοιιιῦιιε

225 554 355 626 Veffrgineo
372 552 450 607 stetit
461 551 577 625 agmine
591 565 628 624 (v.
649 551 726 627 564).
740 550 825 606 Multi
842 551 921 605 Mss.
939 568 945 603 :
961 575 973 598 ι
987 562 1020 606 st.
1045 554 1074 607 in
1092 573 1200 629 grege5
1219 582 1230 602 .

182 658 211 703 et
223 644 312 702 iidem
325 663 409 701 versu
424 643 498 714 570,
513 645 632 699 cnhoeret
649 663 705 717 pro
718 646 786 699 adh.
806 648 881 699 Ante
900 643 929 698 in
943 662 970 697 v.
991 643 1044 699 561
1063 647 1175 703 Wakei.
1190 651 1234 703 nd

182 741 308 806 lacten,
331 758 375 808 11,
392 736 464 810 936,
482 738 560 792 malit
574 739 696 802 latente,
713 754 872 809 perperam.

226 831 361 904 Digitus...
375 829 508 903 Infringie
520 827 640 882 cithara
650 827 690 904 (v.
708 827 784 903 575).
799 830 887 883 Recte
901 829 1015 884 Bartb:
1030 832 1116 888 rudes
1130 844 1158 887 et
1171 853 1231 888 non

181 922 236 994 ita,
251 933 285 978 ut
300 923 437 988 decebat,
450 919 589 976 flexibiles
607 920 786 994 mobilesque
805 931 883 995 aptat
906 932 935 977 et
954 923 1058 993 mollit,
1073 936 1102 979 et
1123 924 1231 981 dociles

183 1014 337 1071 modorum
346 1012 589 1068 moderandorum
603 1011 707 1067 reddit.
722 1013 794 1069 Cod.
805 1014 915 1071 Heinsii
929 1034 936 1069 ε
953 1019 1094 1071 «Incertae
1107 1037 1131 1072 c.
1146 1042 1157 1067 ι

223 1110 368 1163 Alternum
378 1123 508 1160 revocare
513 1106 577 1179 pice
590 1106 745 1161 Trieterica
758 1120 863 1162 matres
872 1107 910 1183 (v.
921 1105 1000 1185 595).
1015 1108 1141 1180 conjecit
1149 1111 1226 1165 Gro-

183 1218 264 1268 nov„
279 1197 360 1272 quod
373 1197 491 1253 totidem
507 1195 608 1252 litteris
625 1198 777 1253 exhibetur
791 1199 821 1253 in
834 1201 904 1274 neg.
922 1219 934 1255 1
952 1219 960 1254 ε
976 1222 993 1251 ι
1003 1203 1147 1256 Alternum
1161 1221 1184 1256 r.
1196 1219 1225 1275 p.

187 1292 343 1346 Trieterida
356 1309 393 1344 m.
403 1314 432 1358 ,ι
447 1288 528 1364 quod
543 1299 620 1344 certe
634 1307 694 1344 non
708 1290 905 1347 necessarium.
921 1291 962 1346 Cf.
982 1292 1084 1359 neb„
1104 1311 1130 1348 ιι
1139 1334 1148 1364 ,
1157 1294 1229 1364 66ι,

185 1383 265 1439 etad
284 1400 331 1452 rx,
351 1384 417 1449 iao.

223 1476 294 1531 Fine
314 1477 383 1531 doto
403 1480 441 1551 (v.
456 1474 536 1551 600).
556 1475 763 1543 :Constitutm
777 1494 864 1549 quem
885 1494 969 1532 nemo
991 1478 1132 1533 masculus
1153 1495 1230 1550 prar-

183 1579 288 1638 tereat,
310 1568 467 1623 termino.»
487 1569 586 1622 Gnoss.
608 1567 728 1623 Praeced.
751 1587 778 1621 v.
807 1569 885 1623 lact.
906 1574 1016 1625 Auctor
1033 1587 1089 1642 pro
1116 1571 1229 1635 Ductor,

183 1659 238 1716 uisi
254 1659 448 1736 impressionis
465 1659 568 1715 vitium
582 1669 632 1716 est.
651 1663 720 1737 Post
742 1659 772 1715 in
793 1681 820 1715 v.
838 1659 894 1716 602
914 1661 984 1736 ch.
1011 1681 1022 1717 1
1041 1681 1048 1716 ε
1064 1664 1164 1718 tacitus
1179 1664 1234 1716 sibi

185 1751 254 1810 n’sc't.

224 1847 361 1901 Exemita
372 1847 459 1919 pulsu
471 1843 509 1920 (v.
520 1842 599 1921 662).
617 1846 709 1902 Codd.
718 1843 803 1902 Tollii
813 1847 854 1899 ad
862 1851 977 1912 Aaron,
987 1865 1016 1919 p.
1028 1845 1100 1921 391:
1114 1851 1230 1921 plausu.

225 1936 347 2007 Thynos
361 1938 461 1991 iterum
475 1936 608 1992 uibrabat
619 1936 657 2014 (r.
672 1937 750 2013 648).
766 1938 855 1992 «Non
869 1940 984 2003 iterum,
1007 1939 1058 1994 sed
1074 1942 1142 1994 olim
1157 1939 1230 1994 scri·

183 2028 262 2084 bitur
275 2027 306 2084 in
320 2029 446 2104 antiquis
466 2029 546 2084 libris
559 2028 622 2107 [sed
641 2030 672 2084 in
686 2029 847 2085 Barthianis
861 2027 989 2107 tantuml.
1009 2031 1044 2087 ld
1066 2042 1126 2103 est,
1142 2034 1181 2088 ita
1201 2053 1233 2087 se

183 2121 316 2195 gerebat,
331 2121 414 2195 quasi
428 2121 478 2194 qui
490 2122 551 2194 jam
566 2123 634 2178 olim
649 2123 870 2178 baccharetur.»
886 2125 996 2178 Βιιιιιι.

228 2214 331 2268 Germia
346 2234 429 2288 quem
442 2234 466 2269 c.
482 2235 518 2269 m.
534 2214 572 2290 (v.
587 2214 666 2290 650).
684 2234 700 2270 a
715 2217 804 2290 chg.
821 2234 828 2269 :
844 2240 856 2265 a
870 2218 996 2290 genitum
1012 2235 1042 2288 q.
1059 2240 1071 2265 r

226 2304 372 2369 Counubia
380 2310 493 2378 perdas
509 2309 619 2362 Funere
632 2308 668 2381 (v.
691 2305 773 2380 659),
789 2310 978 2380 «Propterea
993 2307 1131 2364 occidaris
1143 2326 1160 2361 a
1176 2326 1231 2362 sae-

183 2395 277 2450 viente
290 2406 380 2467 patre.
397 2421 409 2444 υ
431 2401 531 2454 ὒιοεε.
546 2397 666 2468 Aliquot
682 2396 767 2449 codd.
785 2416 792 2448 :
805 2399 928 2466 pendas.

226 2488 262 2542 Et
272 2486 494 2558 ntultumfoeies
509 2485 546 2561 (v.
562 2483 641 2561 664).
652 2486 727 2539 Male
741 2484 827 2539 codd.
838 2483 948 2539 Bartbii
960 2509 972 2533 ι
980 2485 1061 2539 haud
1072 2488 1203 2541 multum.
1216 2512 1228 2535 ιι

185 2597 201 2635 a
222 2583 312 2653 Regg.
326 2579 381 2632 hoc
396 2577 497 2633 ordine
512 2598 519 2632 ε
534 2575 667 2648 etfacies
680 2579 759 2632 mult.

227 2673 259 2725 V.
275 2672 342 2740 ⁶74·
357 2670 393 2725 ln
406 2669 491 2725 codd.
508 2679 536 2725 et
555 2679 622 2726 vett.
639 2668 705 2724 edd.
720 2666 786 2724 finis
803 2667 881 2724 tertii
893 2667 968 2724 libri.
1040 2675 1046 2686 '

575 2858 615 2913 IN
638 2857 784 2914 LIBRUM
806 2858 842 2912 ll.

228 3041 386 3093 Inrromerrc
414 3039 563 3092 incitabant
588 3037 733 3108 Qrclodos
756 3056 836 3090 curor
853 3035 897 3111 (v.
923 3036 965 3107 a).
986 3039 1029 3091 Sc.
1051 3036 1139 3092 modo
1157 3037 1232 3092 hanc

185 3131 272 3187 modo
289 3132 362 3186 illam
375 3130 469 3185 nautis
484 3129 672 3185 ostendentes.
690 3161 729 3171 -—
742 3129 862 3202 Praeced.
883 3149 909 3184 v.
930 3132 998 3202 Reg.
1018 3149 1055 3204 ι.)
1063 3130 1169 3200 flexus.
1224 3160 1228 3165 ·

230 3225 284 3276 Ubi
296 3225 411 3279 excelsa
426 3223 516 3276 libant
531 3221 569 3297 (v.
587 3221 624 3295 6).
640 3202 742 3275 Melius
758 3239 773 3272 a
787 3202 882 3295 ιΙὶιὲςξς.
902 3241 907 3274 :
930 3241 966 3275 ec
981 3223 1056 3275 cebo
1070 3222 1121 3275 lib.
1139 3248 1150 3269 ι»

226 3317 371 3369 Accedunt
382 3315 461 3383 jussi
472 3312 510 3390 (v.
532 3312 591 3389 ai).
607 3314 728 3387 Propius
741 3313 863 3386 adigunt
883 3332 992 3368 navem.
1008 3316 1077 3389 ch.
1098 3335 1108 3368 1
1128 3335 1133 3367 :
1149 3333 1228 3371 «acc.

183 3405 282 3479 juxta,
294 3430 309 3456 n
325 3408 406 3480 quod
425 3407 552 3462 nimium.
567 3439 607 3450 -
621 3407 665 3463 Ad
687 3425 745 3479 seq.
767 3425 801 3460 ve
814 3407 890 3461 conf.
917 3425 943 3474 1,
965 3408 1031 3464 285.

226 3500 344 3553 Alterno
361 3518 488 3554 sermone
503 3512 600 3554 serum
609 3495 761 3573 (campum)
775 3498 813 3575 (v.
832 3496 890 3574 37).
905 3500 980 3572 Lege
995 3518 1030 3553 ex
1045 3502 1107 3565 PR,
1122 3499 1229 3553 omnib.

187 3588 292 3645 Barthii
307 3598 335 3642 ct
350 3589 468 3645 Zinacri.
488 3611 494 3643 :
515 3603 619 3654 terunt,
640 3590 691 3642 viae
713 3590 836 3662 spatium
850 3590 951 3644 sensim
968 3590 1108 3644 minuunt.
1130 3590 1231 3659 Quod,

187 3681 321 3738 auilacius
337 3680 402 3735 licet
425 3680 546 3750 dictum,
569 3701 629 3735 non
649 3681 734 3736 video
758 3701 810 3737 cur
830 3683 920 3737 Statio
941 3682 1131 3754 abjudicetur.
1151 3684 1233 3737 Unus

189 3777 292 3832 alterve
312 3773 425 3844 :serunt
438 3773 455 3827 i.
475 3793 499 3828 e.
520 3775 660 3829 aurierunt.

229 3871 300 3923 Hoee
320 3881 365 3923 sat
381 3881 459 3922 emet
476 3868 513 3940 (e.
535 3866 591 3941 50).
616 3867 709 3922 Codd.
737 3887 815 3940 paene
837 3888 934 3924 omnes
955 3889 962 3921 ε
981 3893 992 3915 α
1005 3871 1064 3922 Hoc
1082 3877 1125 3921 sat
1148 3868 1209 3920 erit.
1221 3891 1233 3915 »

189 3994 227 4005 -
246 3965 327 4033 Post,
341 3982 367 4016 v.
385 3960 436 4031 53,
451 3963 521 4035 Reg.
541 3981 551 4016 ι
570 3961 750 4035 :proesntus‚·
766 3972 793 4016 ct
808 3961 941 4017 Heinsius
955 3963 996 4014 nil
1013 3961 1062 4014 Sil.
1080 3962 1158 4026 Ital„
1178 3977 1233 4027 ιιι,

190 4055 246 4110 613
255 4097 263 4125 ,
277 4057 389 4111 obtenta
404 4056 526 4127 conjecit
545 4075 599 4129 pro
616 4070 733 4110 ostenso.
