2812 5258
314 398 351 496 ’,ἦ
633 419 843 478 mestuus
863 422 976 479 Ltnlttt
989 423 1038 477 vl.
1238 423 1271 488 (r.
1280 427 1354 491 475.)

314 554 404 633 Ausa
417 548 508 619 venit
524 575 532 616 ε
549 546 631 625 ruit,
647 548 855 614 Haemonium
872 545 951 614 dum
967 544 1112 613 fervidus
1129 547 1230 614 instat

318 670 494 739 Admetum
510 690 682 759 superare,
699 666 826 753 Thoas3
843 689 904 734 neo
918 662 1063 759 praetulit
1080 663 1181 734 ullam

316 786 430 857 Frater
450 759 547 880 opem
567 812 576 853 ε
597 784 679 854 velit
698 784 753 853 ille
771 784 922 878 quidem;
941 784 997 853 scd
1015 787 1156 854 Martius
1176 801 1254 854 ante

316 906 453 976 Obstitit
471 904 721 1000 Hippodamus,
742 904 933 997 mediasque
952 905 1087 973 immisit
1108 903 1262 975 habenas.

316 1028 395 1095 Mox
412 1026 567 1094 Chromis
585 1024 835 1119 Hippodamum
853 1039 949 1092 metae
966 1025 1132 1093 interioris
1151 1023 1193 1092 ad
1210 1027 1326 1095 orbem

245 1122 248 1128 ¹
312 1145 448 1214 Viribus
468 1143 639 1214 Herculeis
657 1159 691 1213 et
711 1158 783 1214 toto
803 1145 923 1214 robore
942 1146 1043 1238 patris

312 1269 385 1333 Axe
405 1279 494 1334 tenet
514 1289 660 1358 prenso:
679 1263 849 1334 luctantur
870 1264 962 1333 abire
977 1263 1103 1358 jugales
1238 1348 1243 1357 Ι

311 1386 557 1478 Nequicquam,
575 1384 752 1478 frenosque
766 1399 800 1453 et
815 1381 900 1454 colla
916 1384 1059 1477 rigentia
1075 1382 1226 1454 tendunt.

312 1505 360 1572 Ut
376 1502 503 1573 Siculas
520 1504 548 1572 si
566 1503 702 1595 quando
718 1517 805 1571 rates
820 1507 1043 1592 tenet'aestus,
1061 1519 1094 1573 et
1111 1505 1227 1599 ingens

312 1629 434 1692 Auster
449 1623 535 1716 agit,
553 1621 664 1689 medio
684 1636 774 1720 stant
791 1621 866 1690 vela
883 1624 1044 1692 tumentia
1061 1639 1176 1717 ponto.

358 1744 453 1810 Tunc
469 1742 575 1835 ipsum
592 1738 698 1810 fracto
714 1766 814 1810 curru
834 1740 1004 1832 deturbat,
1020 1756 1054 1811 et
1071 1743 1149 1812 isset

312 1865 397 1931 Ante
418 1860 593 1946 Chromin
612 1859 669 1928 scd
687 1860 831 1930 Thraces
850 1863 926 1954 equi
947 1877 986 1931 ut
1004 1861 1117 1931 videre
1132 1863 1299 1955 jacentem

310 1979 581 2073 Hippodamum,
600 1979 688 2050 redit
707 1979 765 2050 illa
784 1980 908 2072 fames,
927 1983 1137 2076 jamjamque
1150 1998 1345 2053 trementem

311 2101 429 2170 Partiti
444 2098 554 2186 furiis3
570 2100 605 2168 ni
620 2099 731 2183 frena,
747 2103 901 2196 ipsosque
918 2100 1110 2186 frementes,

311 2217 446 2289 Oblitus
463 2218 595 2313 palmae,
613 2235 704 2289 retro
718 2220 911 2312 Tirynthius
927 2220 1025 2288 heros

312 2339 490 2421 Torsisset,
508 2340 681 2429 victusque
698 2351 731 2405 et
749 2336 955 2405 collaudatus
976 2339 1104 2406 abisset.

361 2461 405 2526 ht
426 2455 487 2523 tibi
505 2455 685 2547 promissos
701 2453 899 2545 jamdudum
918 2455 1061 2524 Phoebus
1080 2455 1240 2541 honores,

313 2575 532 2670 Amphiarae,
552 2575 655 2668 cupit.
676 2573 827 2642 Tandem
846 2589 936 2644 ratus
958 2590 1034 2671 apta
1055 2574 1158 2644 favori

312 2699 496 2790 Tempora,
514 2692 664 2790 pulverei
684 2696 826 2764 venitin
845 2695 951 2790 spatia
967 2695 1102 2765 horrida
1119 2697 1215 2781 circi,

311 2812 428 2907 Quum
443 2817 564 2909 jamin
581 2803 651 2884 fine
666 2816 743 2903 viae,
761 2831 795 2884 et
810 2840 976 2885 summum
994 2817 1131 2884 victoria
1149 2831 1246 2884 nutat
1264 2844 1270 2883 :

203 3026 205 3033 Ι
313 2938 555 3030 Anguicomam
572 2937 712 3005 monstri
729 2935 870 3030 effigiem
890 2937 1064 3005 saevissima
1080 2938 1152 3006 visu

314 3061 383 3125 Ora
400 3070 529 3140 movet;
547 3057 616 3124 sive
632 3053 688 3124 ille
704 3057 829 3142 Erebo,
845 3079 902 3124 seu
921 3055 1016 3123 linxit
1034 3057 1067 3123 in
1085 3072 1158 3124 astu

312 3177 504 3269 Temporis;
523 3177 696 3244 innumera
715 3175 803 3244 certe
822 3177 999 3244 formidine
1017 3176 1145 3246 cultum

311 3293 413 3363 Tollit
431 3297 464 3363 in
486 3311 574 3363 astra
591 3293 707 3362 nefas:
726 3319 793 3363 non
810 3293 892 3363 illud
907 3297 1034 3388 janitor
1052 3311 1130 3365 atrae

312 3413 504 3505 impavidus
519 3413 657 3497 Lethes,
675 3438 742 3480 non
761 3415 838 3507 ipsae
854 3414 994 3484 horrore
1011 3418 1080 3486 sine
1099 3414 1166 3484 alto
1279 3410 1281 3415 ’

313 3530 514 3600 Eumenides
533 3530 653 3600 vidisse
671 3548 793 3625 queant
815 3559 823 3600 :
844 3535 1008 3604 turbasset
1028 3551 1142 3604 euntes

312 3648 397 3719 Solis
416 3674 536 3743 equos,
557 3652 742 3744 Martisque
759 3653 905 3748 jugum:
926 3679 1002 3723 nam
1024 3656 1127 3724 flavus
1150 3655 1251 3724 hrion

312 3772 361 3838 Ut
377 3769 478 3855 vidit,
494 3768 612 3838 saliere
625 3771 732 3864 jubae,
753 3786 852 3865 atque
871 3789 999 3844 erectus
1018 3777 1051 3842 in
1070 3799 1177 3842 armos
1212 3861 1216 3866 Δ

312 3893 404 3976 Stat,
424 3889 615 3981 sociumque
633 3891 723 3984 jugi,
743 3894 943 3986 comitesque
965 3898 1132 3989 utrimque
1154 3892 1275 3962 laboris

313 4013 429 4079 Secum
452 4006 709 4103 alte‘suspendit
730 4036 842 4104 equos.
865 4015 946 4082 Ruit
966 4014 1056 4084 ilicet
1075 4012 1165 4084 exsrd
