2812 5258
1044 400 1320 427 m

487 660 714 770 LIBER
748 660 1108 768 OCTAVUS.

724 1004 880 1023 ..ιφ

285 1212 367 1337 Ur
382 1265 512 1335 subitus
531 1280 621 1337 rates
633 1264 834 1362 pallentibus
850 1265 969 1335 incidit
984 1265 1137 1352 Umbris,

279 1385 504 1480 htilmnsque
517 1386 656 1474 domne,
672 1388 830 1480 orbisque
850 1411 972 1457 arcena
990 1385 1111 1481 sepulti

280 1507 401 1599 llnpit,
417 1520 452 1575 et
470 1520 600 1573 armato
610 1504 767 1575 ¹turbavit
782 1505 898 1575 funere
914 1508 1053 1574 Manes:

278 1628 410 1695 Horror
425 1623 528 1691 babet
543 1636 701 1709 cunctos,
717 1625 839 1718 Stygiis
855 1625 1021 1695 mirantur
1038 1626 1074 1692 in
1092 1626 1161 1693 oris

269 1742 355 1808 ‚Tela
368 1757 400 1807 et
414 1762 529 1830 equos,
542 1762 718 1830 corpusque
731 1762 848 1806 norum
861 1766 870 1806 z
884 1763 986 1831 neque
996 1744 1081 1808 enim
1090 1742 1217 1827 ignibus
1226 1760 1317 1816 artru

277 1852 459 1941 Conditus,
477 1868 535 1923 aut
551 1867 668 1922 rnoestn
682 1856 779 1950 niger
796 1854 999 1924 adventabat
1015 1854 1058 1923 ab
1074 1879 1178 1940 urna3

276 1973 342 2043 Sed
358 1972 437 2043 belli
455 1972 577 2043 sudore
593 1972 722 2062 calens,
738 1974 958 2070 clypeumque
976 1976 1123 2047 eruentis

277 2094 437 2181 Roribus,
454 2107 489 2163 et
504 2095 596 2163 scint
612 2118 782 2190 respersus
800 2092 936 2191 pulvere
953 2096 1075 2190 campi.

275 2212 428 2281 Necdum
449 2210 544 2282 illurn
559 2228 621 2283 aut
639 2228 759 2282 nuncu
776 2211 976 2283 lustraverat
990 2215 1089 2281 obvia
1108 2228 1184 2281 taxo

275 2330 448 2415 Eumenis,
468 2344 525 2397 aut
544 2330 644 2398 firrvo
658 2332 857 2422 Proserpina
872 2345 968 2425 poste
984 2345 1119 2400 notarat

275 2445 425 2516 Coetibus
444 2460 627 2514 assumtum
646 2445 768 2517 functis
785 2472 795 2514 z
810 2448 894 2540 quin
912 2448 1065 2517 eominuo
1081 2450 1153 2539 ipsa

277 2575 433 2640 Fatorum
448 2570 611 2664 deprensa
626 2568 742 2638 colus:
757 2568 898 2661 vinoque
909 2579 1066 2661 parentet

278 2693 426 2782 Augrne,
444 2702 525 2757 tuno
542 2687 678 2758 demum
695 2688 896 2783 rumpebant
909 2685 1052 2755 stamine
1064 2686 1176 2756 Parce

326 2807 426 2877 Illum
440 2822 477 2877 et
494 2808 602 2879 securi
616 2809 880 2903 circumspexere
894 2806 1060 2902 fragorem

278 2926 400 3021 Elysii,
411 2942 446 2996 et
458 2928 487 2997 si
498 2952 584 3022 quoe
598 2928 716 3023 prontl
731 2928 886 3000 inferiore
897 2928 1056 2997 barathro

276 3046 392 3116 Altera
408 3073 493 3135 nox,
511 3048 649 3145 aliisque
667 3065 782 3146 gmrnt
795 3048 894 3146 plaga
905 3074 991 3119 ceca
1007 3051 1162 3136 tenebris,

277 3170 373 3236 Tunc
386 3184 560 3264 regemunt
574 3171 727 3265 pigrique
741 3168 851 3253 laona,
862 3184 1012 3264 ustaeque
1025 3173 1163 3266 paludes
1173 3224 1182 3259 ι.

277 3287 541 3383 Umbril'eraeque
552 3290 665 3360 fremit
676 3288 822 3363 tulentor
832 3290 977 3387 pallidus
992 3294 1108 3382 nndae,

274 3402 464 3475 Dissiluiane
480 3430 568 3474 novo
585 3410 720 3501 penitus
735 3406 863 3479 telluris
882 3409 977 3477 hiatu

275 3526 429 3611 Tartaro,
445 3540 479 3591 et
494 3524 653 3592 admistos
671 3549 740 3597 non
756 3551 819 3620 per
836 3552 897 3595 sua
916 3527 1054 3595 lluminn
1074 3529 1203 3596 Manes.

324 3647 424 3712 Forte
443 3642 558 3710 sedens
576 3643 687 3713 media
703 3649 797 3739 regni
815 3646 954 3716 infelicia
974 3648 1008 3714 in
1025 3672 1100 3714 nrce

276 3766 355 3833 Dux
370 3764 487 3851 Erebi,
507 3764 650 3860 populos
668 3769 827 3861 poscebat
846 3768 987 3836 crimina
1004 3768 1096 3853 vitae,

275 3884 332 3957 Nil
348 3886 523 3954 hominum
540 3889 720 3975 miserans,
737 3892 907 3980 iratusque
922 3888 1077 3957 omnibus
1095 3891 1233 3956 umbris.

277 4011 374 4077 Stnnt
387 4008 495 4078 Furiae
514 4009 658 4097 circum,
676 4013 841 4102 variaque
857 4031 899 4076 ex
916 4008 1034 4077 ordine
1048 4011 1195 4096 Mortuo,
