2812 5258
58 415 94 478 (v.
106 419 159 481 ²⁵·l
371 419 585 474 mannos
607 420 717 474 LIBER
737 419 785 473 v1.

111 541 210 612 Clara
232 541 426 610 laboriferos
446 538 529 609 coelo
547 541 705 611 Tithonia
721 567 838 612 currus

57 660 249 748 Extulerat,
266 659 448 756 vigilesque
463 665 542 731 Deae
561 658 712 755 pallentis
732 663 876 731 habenas

58 785 104 853 Et
123 807 208 869 nox,
225 794 257 850 et
278 805 384 850 cornu
402 780 550 877 fugiebat
562 785 706 851 Somnus
725 785 824 851 inani.

58 906 135 971 Jam
153 900 314 997 plangore
331 903 411 989 viae,
430 904 555 996 gemitu
572 903 642 995 jam
660 903 753 998 regia
771 904 878 998 mugit

60 1020 194 1091 Flebilis
214 1021 226 1089 ε’
246 1036 398 1116 acceptos
416 1020 514 1117 longe
531 1046 669 1091 nemora
687 1024 760 1090 avia
781 1021 956 1116 frangunt,
1015 1073 1030 1098 ,

60 1141 353 1236 Multiplicentque
372 1167 492 1210 sonos:
509 1141 601 1210 sedet
620 1143 689 1234 ipse
709 1156 828 1210 exutus
846 1143 975 1210 honoro

61 1263 232 1333 Vittarum
253 1286 341 1331 nexu
361 1263 503 1356 genitor,
524 1260 772 1355 squalentiaque
792 1286 850 1329 ora

61 1383 221 1477 Sparsus,
238 1396 272 1450 et
291 1379 450 1449 incultam
469 1378 562 1449 ferali
580 1379 717 1475 pulvere
733 1380 880 1451 barbam.

39 1550 43 1555 -
60 1504 220 1595 Asperior
237 1515 370 1589 ronna,
387 1501 606 1595 planctusque
626 1525 754 1598 egressa
773 1500 883 1570 viriles

61 1619 223 1715 Exemplo
243 1619 382 1690 famulas
399 1624 536 1715 premit,
555 1622 773 1717 hortaturque
791 1619 938 1691 volentes

61 1741 156 1811 Orba
175 1766 315 1835 parens,
330 1739 519 1837 lacerasque
537 1768 637 1838 super
652 1743 870 1837 procumbere
887 1742 956 1812 nati

61 1860 244 1954 Relliqnias
262 1862 373 1951 ardet,
394 1864 556 1956 totiesque
571 1861 685 1931 avulsa
704 1862 856 1931 refertur.

62 1984 166 2049 Arcet
181 1996 214 2049 et
229 1983 300 2077 ipse
318 1997 423 2076 pater.
439 1985 522 2051 Mox
540 1996 578 2050 ut
596 1983 766 2050 moerentia
786 1981 895 2076 dignis

63 2099 222 2170 Vultibus
240 2102 366 2171 Inachii
387 2116 606 2197 penetrarunt
626 2101 739 2170 limina
759 2126 869 2195 reges,

62 2224 133 2290 Ceu
151 2246 237 2290 nova
255 2237 335 2291 tunc
352 2221 478 2308 clades,
498 2237 532 2291 et
550 2223 660 2317 primo
678 2223 806 2291 saucius
825 2221 934 2291 infans
974 2289 976 2292 Α

61 2340 227 2430 Vulnere,
246 2340 393 2412 letalisve
411 2344 609 2436 irrumperet
628 2342 712 2411 atria
731 2365 881 2434 serpens,

63 2463 118 2530 Sic
135 2461 236 2530 alium
254 2487 295 2530 ex
312 2436 396 2549 alio,
414 2486 606 2554 quanquam
626 2459 762 2547 lassata,
782 2461 948 2556 fragorem

62 2583 199 2652 Pectora
218 2583 468 2677 congeminant,
489 2583 719 2678 integratoque
736 2580 896 2652 resultant

63 2707 215 2775 Accensae
235 2701 379 2772 clamore
394 2702 480 2770 fores
495 2728 502 2769 :
518 2727 647 2771 sensere
663 2701 790 2796 Pelasgi

63 2822 241 2912 Invidiam,
259 2837 292 2892 et
308 2820 461 2917 lacrymis
478 2836 636 2890 excusant
651 2823 777 2889 crimen
794 2820 931 2888 obortis.

110 2947 203 3037 Ipse,
225 2943 339 3012 datum
355 2945 503 3037 quoties,
523 2944 744 3033 intereisoque
761 2938 908 3008 tumultu

64 3066 233 3133 Conticuit
255 3063 437 3157 stupefacta
454 3063 593 3148 domus,
614 3059 741 3129 solatur
757 3058 918 3128 Adrastus

63 3182 225 3276 alloquiis
246 3186 428 3279 genitorem
443 3182 533 3253 ultro
552 3209 561 3250 :
579 3206 695 3249 «nunc
712 3178 781 3249 fata
797 3203 970 3248 recensens

62 3304 196 3396 Resque
215 3304 391 3372 hominum
411 3304 528 3392 duras,
545 3317 579 3370 et
597 3298 799 3369 inexorabile
819 3324 958 3395 pensum

63 3422 162 3491 Nunc
180 3422 278 3492 aliam
296 3421 444 3518 prolem,
461 3444 682 3513 mansuraque
696 3421 832 3487 numine
847 3419 962 3489 dextro

63 3542 207 3636 Pignora
223 3568 231 3610 :
248 3572 264 3607 s
283 3542 433 3612 nondum
452 3543 536 3610 orsis
552 3539 687 3627 modus,
707 3554 741 3609 et
755 3537 897 3608 lamenta
915 3539 1076 3610 redibant.

56 3658 125 3751 ¹llle
142 3682 274 3753 quoque
290 3661 414 3732 affatus
433 3639 503 3731 non
520 3659 653 3729 mollius
673 3658 766 3728 audit
782 3661 922 3746 amicos,

52 3780 177 3877 ⁸Quam
196 3782 297 3849 nucis
315 3783 402 3850 lonii
420 3782 527 3850 rabies
545 3779 723 3848 clamantia
742 3794 846 3872 ponto

63 3901 154 3969 Vota
173 3901 301 3987 virum,
318 3916 376 3970 aut
392 3916 507 3972 tenues
522 3914 641 3971 curant
658 3924 741 3994 vaga
759 3898 898 3968 fulmina
914 3901 1053 3968 nimbos.

111 4020 276 4089 Tristibus
296 4021 422 4090 interea
440 4023 559 4110 remis,
575 4035 757 4113 teneraque
774 4042 929 4112 cupresso
