2812 5258
90 441 205 504 usu.)
414 436 625 491 runaunos
648 437 757 491 crana
780 439 815 490 v.
1037 501 1039 505 ‚
1092 437 1126 492 53

90 565 228 660 Templa
237 561 627 660 Jovis(quidenimhaud
635 561 893 655 licitum?)lerat
901 565 1021 655 impius
1031 566 1126 656 ignis,

90 690 125 758 Si
141 685 254 773 vilem,
271 687 354 754 tanti
368 698 557 778 premerent
571 707 674 776 quum
691 697 824 777 pectora
838 681 966 768 luctus,

90 812 129 877 ln
145 805 302 876 famulam
313 807 369 898 jus
382 830 453 873 esse
466 820 572 889 ratus,
588 803 805 896 dominoque,
821 801 974 895 ducique.

90 927 156 997 Sed
173 927 261 995 videt
276 927 355 1012 hoc,
373 924 461 994 videt
478 923 533 994 ille
549 928 657 995 Deum
674 939 846 1018 regnator,
863 937 896 991 et
912 926 999 992 ausis

90 1051 171 1117 Sera
190 1046 342 1141 quidem,
361 1059 473 1114 manet
494 1047 542 1113 ira
562 1059 686 1113 tamen.
700 1074 717 1108 a
738 1045 792 1113 Sic
812 1043 915 1130 fatua,
935 1059 968 1111 et
988 1068 1080 1113 arces

89 1169 253 1261 Respicit,
274 1183 373 1260 atqua
392 1165 459 1233 illic
480 1163 544 1232 alio
564 1165 745 1233 certamine
762 1163 840 1233 belli
894 1218 897 1225 .

89 1293 190 1358 Tecta
210 1289 358 1357 fremunt
379 1313 387 1354 :
406 1284 557 1354 volucres
576 1287 725 1378 equitum
747 1300 958 1377 praeverterat
979 1284 1046 1353 alas

91 1415 191 1478 Fama
211 1433 342 1490 recens,
364 1407 513 1501 geminos
531 1403 591 1473 alis
611 1404 762 1499 amplexa
784 1405 956 1474 tumultus.

91 1529 142 1597 llli
161 1528 203 1596 ad
222 1529 289 1595 lata
309 1528 398 1619 rapi,
414 1542 513 1620 atque
528 1525 575 1594 illi
589 1528 658 1620 jam
675 1528 875 1595 occumbere
892 1524 977 1612 leto,

91 1654 145 1719 Sic
167 1650 320 1716 meritam
339 1646 542 1741 Hypsipylen
562 1650 710 1716 iterant:
729 1648 954 1741 creduntque,
972 1673 1033 1716 nec
1050 1650 1106 1714 ira

91 1773 145 1839 Fit
163 1794 256 1838 mora
276 1795 283 1836 :
302 1770 438 1862 jamque
457 1766 560 1854 laces,
581 1783 616 1836 et
635 1766 700 1837 tela
718 1770 892 1862 penatibus
911 1771 1046 1837 instant.

92 1894 230 1958 Vertere
248 1914 352 1984 regna
371 1887 537 1973 fremunt,
556 1903 755 1983 raptumque
774 1890 904 1958 auferre
919 1895 1128 1983 Lycurgum,

94 2013 180 2078 Cum
195 2014 293 2095 Jove,
314 2033 458 2102 cumque
474 2009 540 2076 aris
558 2035 565 2076 ε
582 2024 739 2077 resonant
755 2008 935 2078 ululatibus
952 2009 1040 2085 aedes,

95 2132 274 2216 Femineis,
296 2153 477 2222 versusque
496 2128 591 2197 dolor
609 2129 667 2198 dat
684 2144 776 2223 terga
799 2131 919 2197 timori.

142 2249 318 2345 Alipedum
338 2255 439 2318 curru
457 2249 513 2318 sed
534 2251 622 2317 enim
644 2248 793 2319 sublimis
814 2249 973 2319 Adrastus

94 2374 212 2439 Secum
226 2386 304 2438 anta
319 2394 377 2438 ora
393 2371 501 2437 virum
515 2369 732 2438 fremebunda
746 2369 933 2439 Thoantida
948 2384 1084 2463 portans

93 2492 124 2559 lt
142 2491 268 2559 medius
285 2491 421 2577 turmis,
438 2465 488 2572 et,
505 2491 679 2576 «Parcite,
698 2491 840 2582 parcite,
855 2488 987 2560 clamat.

94 2610 150 2679 Nil
170 2627 279 2680 actum
299 2636 382 2680 saeve
401 2637 409 2678 :
426 2611 565 2678 meritus
583 2636 644 2680 nec
661 2610 726 2679 talc
743 2615 914 2705 Lycurgus

96 2732 304 2819 Exscidium,
325 2732 476 2826 gratique
496 2731 662 2797 inventrix
682 2729 827 2798 fluminis
848 2753 933 2796 ecce.
946 2759 962 2791 n

145 2853 272 2921 Sicubi
290 2851 427 2944 diversis
445 2851 550 2917 maria
567 2864 716 2917 evertere
730 2845 882 2941 procellis

95 2974 181 3041 Hinc
196 2975 332 3057 Boreas,
349 2975 541 3063 Eurusque,
558 2965 650 3036 illinc
665 2969 761 3061 niger
777 2966 936 3035 imbribus
953 2970 1085 3050 Auster,

95 3089 193 3161 Pulsa
211 3090 296 3179 dies,
314 3106 520 3186 regnantque
537 3088 675 3172 hiemes,
691 3087 782 3155 venit
799 3077 949 3180 equoris
956 3086 1013 3156 alti

61 3233 63 3236 ⁴
96 3214 168 3279 Rex
186 3209 337 3279 sublimis
356 3211 467 3303 equis,
490 3209 708 3303 geminusque
727 3207 770 3275 ad
787 3232 923 3301 spumea
943 3209 1061 3276 Triton

96 3333 200 3400 Frena
221 3346 360 3416 natans,
380 3328 446 3397 late
465 3328 583 3424 pelago
604 3327 660 3396 dat
682 3327 947 3422 signa'cadenti:

95 3455 139 3520 Et
153 3453 221 3545 jam
241 3450 339 3546 plana
356 3451 489 3537 Thetis,
506 3463 723 3542 montesque,
742 3463 775 3517 et
790 3447 890 3516 litora
908 3466 1070 3519 crescunt.

143 3573 230 3658 Quis
248 3574 413 3664 Superum
432 3583 524 3639 tanto
545 3567 667 3638 solatus
687 3569 801 3637 limera
821 3584 898 3637 voto

95 3693 251 3760 Pensavit
268 3689 449 3785 lacrymas?
467 3690 671 3783 inopinaque
692 3689 812 3784 gaudia
833 3705 956 3758 moestae

95 3809 240 3882 Rettulit
255 3808 463 3905 Hypsipylae?
479 3813 530 3879 Tu
547 3811 653 3903 gentis
670 3809 838 3897 conditor,
856 3815 966 3895 Esau,

96 3933 164 4022 Qui
184 3932 333 4027 geminos
349 3933 488 4024 juvenes
504 3932 620 3998 Lemni
639 3930 679 3997 de
695 3929 791 3999 litore
809 3944 919 3999 vectos

96 4053 259 4123 Intuleras
278 4052 426 4139 Nemea,
444 4049 747 4143 mirandaque.fata
765 4051 914 4144 parabas.
