2812 5258
315 409 353 469 40
627 402 842 459 rnnaamos
864 404 975 460 amna
996 403 1032 457 v.
1238 401 1353 467 (τήθῃ.)

314 526 479 617 Flamina,
497 541 530 597 et
545 541 565 596 'a
581 527 708 596 cunctis
725 540 932 622 prospectem
951 525 1089 596 collibus
1108 524 1225 594 undas.

361 649 541 718 «Exoritur
558 644 754 741 pudibunda
773 645 858 732 dies,
877 644 1062 739 coelumque
1077 660 1227 713 retexens

313 770 471 836 Eversum
489 769 616 835 Lemno
632 765 750 858 jubar,
771 779 805 833 et
822 763 962 834 declinia
979 767 1077 834 Titan

312 887 474 980 Opposita
485 887 567 981 juga
584 886 672 954 nube
688 885 789 955 refert
805 911 813 953 ε
832 900 968 978 patuere
986 886 1113 954 furores

312 1005 493 1092 Nocturni,
510 1004 658 1099 lucisque
675 1029 769 1073 novae
786 1004 962 1074 formidine
979 1007 1106 1074 cunctis

311 1123 538 1218 (Quanquam
556 1125 644 1192 inter
663 1122 809 1216 similes)
828 1125 960 1193 habitus
978 1124 1083 1193 rubor
1102 1150 1110 1191 τ
1131 1125 1232 1216 impia
1254 1142 1351 1195 terrae

310 1241 483 1312 Infodiu'nt
500 1242 639 1332 scelera,
656 1258 716 1313 aut
734 1243 859 1313 lestinis
880 1244 1012 1338 ignibus
1031 1259 1142 1312 urunt.

284 1381 287 1385 ’
308 1363 381 1429 Jam
403 1387 520 1432 manus
538 1362 781 1450 Eumenidum,
800 1378 978 1457 captasque
998 1363 1165 1458 refugerat
1182 1388 1272 1433 arces

308 1483 505 1552 Exsaturata
522 1486 664 1552 Venus:
684 1482 778 1551 licuit
794 1484 932 1570 sentire,
952 1483 1033 1576 quid
1052 1508 1157 1569 ausae,

308 1603 354 1669 Et
370 1602 505 1672 turbare
524 1628 653 1691 comas,
672 1618 707 1673 et
725 1603 851 1674 lumina
870 1605 997 1698 tingere
1013 1603 1103 1672 fletu.

359 1721 500 1792 «Insula
517 1723 608 1792 dives
626 1724 730 1818 agris,
748 1725 952 1819 opibusque,
969 1725 1151 1817 armisque,
1171 1727 1331 1817 virisque,

308 1843 396 1912 Nota
414 1843 498 1931 situ,
517 1858 551 1912 et
567 1845 685 1913 Getico
706 1868 814 1940 nuper
833 1843 937 1912 ditata
954 1843 1142 1938 triumpho,

307 1965 387 2034 Non
406 1963 508 2032 maris
526 1965 681 2051 incursu,
703 1989 771 2033 non
792 1966 905 2052 hoste,
925 1989 986 2033 nec
1003 1964 1129 2034 aethere.
1143 1963 1243 2051 laevo,

308 2082 456 2152 Perdidit
475 2109 543 2153 una
561 2109 675 2155 omnes
694 2085 829 2173 orbata,
848 2087 1021 2178 excisaque
1037 2085 1180 2171 mundo,

309 2201 484 2298 Indigenas
506 2230 515 2272 ε
536 2230 605 2274 non
625 2229 703 2274 arva
723 2205 804 2292 viri,
823 2229 891 2272 non
912 2227 1046 2296 aequora
1064 2217 1226 2271 vertunt:

305 2323 508 2391 Conticuere
528 2323 647 2391 domus
667 2350 675 2390 ε
697 2347 797 2390 cruor
817 2321 921 2408 altus,
942 2336 975 2390 et
993 2319 1096 2389 oblita
1115 2345 1225 2390 crasso

306 2443 439 2510 Cuncta
457 2443 579 2510 rubent
598 2441 676 2509 tabo
698 2465 706 2508 :
726 2463 921 2534 magn-aeque
940 2442 975 2508 in
992 2442 1156 2509 moenibus
1175 2441 1267 2508 urbis

310 2563 377 2631 Nos
395 2573 525 2630 tantum
542 2585 551 2628 ε
569 2573 604 2629 et
621 2561 698 2628 saevi
718 2561 847 2654 spirant
866 2585 925 2658 per
943 2558 1088 2629 culmina
1106 2563 1234 2628 Manes.

355 2711 371 2742 α
382 2683 459 2775 Ipsa
477 2704 611 2775 quoque
629 2681 758 2750 arcanis
779 2682 856 2751 tecti
877 2682 912 2750 in
931 2679 1154 2777 penetralibus
1172 2679 1239 2748 alto

306 2800 431 2870 Molior
450 2801 527 2895 igne
548 2825 664 2896 pyram
686 2828 694 2869 :
715 2817 881 2897 sceptrum
902 2826 1001 2895 super
1019 2824 1177 2893 armaque
1198 2803 1300 2893 patris

309 2924 443 3015 Iujicio,
462 2936 496 2991 et
512 2937 609 2992 notas
627 2947 743 3019 regum
762 2925 954 3019 gestamina
965 2936 1087 3008 vestes,

311 3045 356 3111 bc
376 3066 480 3135 prope
498 3058 613 3111 moesta
629 3067 749 3138 rogum
770 3043 914 3113 confusis
932 3042 1065 3136 ignibus
1085 3042 1178 3109 adsto

309 3165 396 3230 Ense
415 3176 606 3250 cruentato,
624 3162 840 3258 fraudemque
856 3178 890 3232 et
908 3163 1019 3231 inania
1039 3163 1135 3230 busta

307 3278 434 3375 Plango
453 3296 562 3369 metu,
582 3284 609 3351 si
630 3282 714 3352 forte
732 3298 900 3378 premant,
921 3307 1115 3375 cassumque
1133 3283 1260 3375 parenti

307 3401 415 3469 Omen
433 3414 467 3468 et
483 3400 547 3470 bac
564 3402 682 3472 dubios
703 3402 757 3472 leti
776 3428 894 3498 precor
912 3405 960 3471 ire
972 3404 1124 3471 timores.

355 3549 372 3584 α
383 3519 444 3588 His
462 3522 544 3589 mihi
565 3547 629 3617 pro
648 3524 772 3593 meritis
790 3526 851 3618 (ut
866 3521 939 3592 falci
960 3523 1106 3591 criminis
1127 3536 1197 3590 astu

306 3642 406 3710 Parta
422 3639 525 3736 fides)
543 3666 648 3737 regno
666 3657 699 3712 et
717 3641 801 3713 solio
817 3644 990 3714 considere
1006 3643 1109 3737 patris

307 3760 515 3856 Supplicium
534 3761 633 3833 datm
653 3790 662 3832 ε
684 3789 770 3833 anne
787 3764 851 3834 illis
870 3765 1002 3834 obsessa
1021 3763 1197 3858 negarem?

306 3883 454 3968 Accessi,
475 3907 560 3978 saepe
581 3900 657 3954 ante
677 3887 766 3954 Deos
787 3900 922 3972 testata,
943 3885 1125 3977 fidemque,

309 4004 557 4098 lmmeritasque
575 4031 694 4077 manus
714 4032 722 4075 τ
741 4007 862 4093 subeo,
885 4031 946 4098 pro
965 4005 1036 4073 dira
1055 3996 1218 4097 potestas!
