2812 5258
304 443 356 501 138
640 445 668 498 P.
690 442 810 497 PUBLII
831 438 952 495 STATII
1011 429 1014 435 ’

302 571 461 641 Admotus
478 565 613 661 conjux!
630 569 735 636 vicisti
753 565 870 661 gaudia
885 578 973 633 certe

299 692 421 784 Ipsius,
441 688 556 758 adfuso
575 687 653 755 dum
674 701 805 780 pectore
824 708 929 778 prona
948 694 1090 750 sacratos

300 813 387 879 Ante
408 808 505 902 pedes
525 807 620 876 avide
639 806 764 875 domini
786 819 853 872 tam
873 825 991 896 magna
1011 802 1166 868 merentis

298 927 458 997 Volveris.
477 929 584 996 Aonio
601 951 669 995 non
686 927 733 994 sic
750 926 784 993 in
799 924 921 991 vertice
938 921 1074 1016 gaudet,

299 1047 409 1134 Quam
425 1060 519 1140 pater
533 1046 644 1114 arcani
660 1044 803 1137 praefecit
818 1042 961 1111 hiatibus
980 1042 1066 1110 antri

299 1164 427 1253 Delius,
443 1181 501 1234 aut
520 1165 617 1259 primi
637 1165 690 1233 cui
707 1163 761 1257 jus
778 1161 961 1231 venerabile
981 1161 1085 1254 thyrsi

298 1285 459 1370 Bacchus,
480 1299 514 1353 et
531 1284 680 1352 attonitae
698 1283 814 1350 tribuit
834 1279 949 1350 vexilla
968 1295 1115 1349 catervae.

345 1406 414 1474 Nec
430 1419 539 1472 tamen
557 1403 611 1472 hic
627 1417 753 1470 mutata
771 1403 875 1494 quies,
895 1401 1082 1494 probitasve
1098 1396 1252 1468 secundis

298 1525 475 1609 Intumuit3
493 1538 586 1592 tenor
601 1522 688 1590 idem
704 1523 830 1607 animo,
846 1544 1019 1613 moresque
1034 1517 1191 1600 modesti,

299 1649 443 1712 Fortuna
463 1658 646 1730 crescente,
666 1654 823 1710 manent:
845 1641 934 1708 fovet
948 1640 1045 1708 anxia
1065 1663 1160 1708 curas

298 1762 475 1856 Conjugis‚
495 1761 711 1854 hortaturque
730 1742 1032 1852 simul,'ilectitque
1053 1758 1188 1827 labores.

297 1884 372 1974 ipsa
393 1881 493 1974 dapes
515 1880 676 1968 modicas,
696 1895 730 1949 et
750 1879 859 1948 sobria
878 1878 996 1972 pocula
1016 1877 1133 1967 tradit,

298 1999 559 2094 Exemplumque
572 2000 615 2069 ad
630 1998 733 2068 herile
748 2014 861 2068 monet
878 2025 886 2067 :
904 1996 994 2067 velut
1010 1996 1142 2092 Appula
1158 1998 1280 2092 conjux

299 2120 460 2214 Agricola
479 2123 590 2214 parci,
612 2118 661 2188 vel
682 2118 750 2190 sole
770 2120 891 2188 infecta
910 2118 1048 2205 Sabina,

298 2241 382 2327 Quae
400 2240 490 2308 videt
509 2241 649 2329 emeriti,
667 2241 735 2334 jam
757 2239 1042 2333 prospectantibus
1061 2239 1172 2325 astris,

298 2362 441 2453 Tempus
462 2359 574 2429 adesse
593 2362 670 2446 viri,
691 2384 831 2454 propere
850 2383 1043 2451 mensasque
1063 2372 1219 2451 torosque

299 2479 452 2564 Instruit,
472 2493 703 2572 exspectatque
722 2504 841 2547 sonum
860 2479 1028 2548 redeuntis
1047 2479 1158 2546 amtri.

345 2601 451 2665 Parva
470 2596 615 2691 loquor:
638 2612 745 2667 tecum
767 2597 892 2692 gelidas
912 2623 1020 2667 comes
1042 2595 1098 2666 illa
1118 2621 1179 2691 per
1198 2599 1335 2684 Arctos,

298 2717 556 2810 Sarmaticasque
573 2718 712 2804 hiemes,
734 2720 936 2811 Istrumque,
956 2733 988 2787 et
1007 2714 1129 2811 pallida
1148 2716 1259 2786 Rheni

298 2836 449 2928 Frigora,
465 2852 573 2906 tecum
588 2861 702 2905 omnes
717 2838 829 2906 animo
844 2836 965 2905 durare
980 2861 1038 2930 per
1053 2848 1165 2920 aestus,

298 2958 355 3037 Et,
376 2955 402 3022 si
423 2969 529 3023 castra
549 2955 681 3040 darent,
700 2953 799 3024 vellet
819 2971 945 3050 gestare
965 2956 1152 3049 pharetras,

299 3071 405 3141 Vellet
425 3075 604 3142 Amazonia
620 3073 706 3142 latus
726 3073 947 3144 intercludere
963 3073 1067 3168 pelta;

299 3194 388 3259 Dum
410 3206 442 3260 te
461 3190 616 3286 pulverea
635 3193 798 3262 bellorum
815 3195 848 3262 in
865 3195 954 3263 nube
972 3194 1100 3264 videret

300 3312 435 3378 Caesarei
454 3336 557 3405 prope
575 3311 699 3381 fulmen
715 3314 808 3406 equi,
828 3312 1004 3405 divinaque
1024 3311 1089 3382 tela

300 3428 505 3514 Librantem,
525 3446 557 3497 et
578 3457 703 3525 magnae
724 3456 873 3526 sparsum
894 3430 1069 3501 sudoribus
1088 3433 1201 3503 hastae:

347 3551 529 3634 Hactenus,
546 3547 631 3616 alma
643 3550 751 3644 chelys
766 3578 773 3619 :
788 3567 919 3644 tempus
934 3576 1024 3619 nunc
1042 3576 1165 3648 ponere
1180 3551 1337 3643 frondes,

300 3667 436 3752 Phoebe,
457 3682 549 3754 tuas,
569 3685 748 3763 moestaque
768 3695 895 3740 cumam
916 3671 1073 3742 damnare
1094 3697 1259 3766 cupresso.

300 3786 460 3874 Quisnam
477 3789 638 3880 impacata
653 3791 937 3885 consanguinitate
952 3788 1067 3886 ligavit

299 3907 478 3973 Fortunam
493 3906 723 4001 Invidiamque
736 3907 845 3978 Deus?
859 3910 931 4001 quis
944 3912 1041 4004 jussit
1056 3911 1185 4005 iniquas

301 4026 469 4093 AEternum
490 4023 611 4094 bellare
632 4027 741 4096 Deas?
758 4024 925 4097 nullamne
946 4031 1072 4099 notavit
