2812 5258
308 488 348 542 IN
368 487 398 541 P.
420 488 450 540 P.
471 485 596 541 STATII
616 485 707 540 SILV.
727 487 796 541 LlB.
818 478 867 541 tv.
1038 489 1091 545 281

77 601 205 676 ambigo,
218 601 288 674 quin
301 602 403 655 Brutus
415 599 460 654 ille
474 597 615 652 familiaris
629 597 771 655 Ciceronis
785 600 961 677 intelligatur.
976 602 1020 657 De
1033 622 1091 680 quo

77 693 202 766 apertior
215 690 292 746 Fabii
305 694 384 746 locus
401 691 430 744 in
444 691 567 763 Dt'alogo
586 691 622 744 de
635 691 789 746 oratoribus
800 688 836 765 (c.
851 689 918 768 xxa)
932 711 939 746 ε
954 694 1092 751 «Brutum

75 781 258 856 philosophia
273 799 328 836 suae
347 781 546 853 relinquamus.
558 781 629 835 Nam
642 780 672 834 in
689 781 864 838 orationibus
881 782 1017 839 minorem
1034 803 1092 841 esse
1138 804 1141 811 ·

75 873 148 928 lama
169 887 233 940 sua,
252 871 335 926 etiam
357 871 537 926 admiratores
556 870 616 941 ejus
630 871 753 927 latentur
766 890 773 924 ε
787 872 841 927 nisi
861 873 933 929 sorte
953 872 1091 947 quispiam

75 962 154 1019 Bruti
173 981 228 1035 pro
246 964 382 1034 Dejotaro
402 979 468 1040 rege
485 972 649 1037 meruique
669 961 792 1036 ejusdem
810 964 982 1022 lentitudinis
1001 976 1029 1024 et
1045 976 1091 1023 tc·

75 1055 152 1128 poris
171 1055 259 1113 libros
272 1054 357 1130 legit,
375 1056 429 1111 nisi
450 1066 477 1110 et
499 1054 620 1111 cannina
640 1057 801 1113 eorumdem
816 1057 932 1113 miratur
946 1078 953 1111 z
967 1057 1093 1115 iecerunt

74 1146 189 1203 enimet
205 1148 368 1202 carminaet
384 1147 414 1201 in
433 1146 616 1201 bibliothecas
636 1149 804 1219 retulerunt,
817 1167 875 1204 non
887 1149 985 1205 melius
1007 1168 1090 1224 quam

76 1238 188 1309 Cicero,
214 1249 243 1293 at
264 1237 384 1308 felicius,
413 1236 480 1310 quia
497 1236 559 1291 illos
584 1237 679 1292 iecisse
694 1241 845 1311 pauciores
857 1240 970 1294 sciunt.»
984 1242 1092 1309 Gron,

76 1347 105 1402 p.
122 1330 187 1385 300.

119 1420 236 1474 Turbine
254 1418 380 1473 condr'tus
403 1418 496 1472 menti
507 1414 545 1493 (v.
565 1413 623 1493 η).
638 1420 857 1487 «lundoniens,
875 1429 948 1474 meta
962 1418 1087 1491 inversa,

75 1529 136 1584 quae
156 1522 197 1567 est
216 1508 307 1586 figura
325 1510 426 1565 barum
446 1507 582 1564 mercium
600 1521 808 1584 compactarum
835 1510 917 1566 etiam
938 1510 1032 1567 bodie.
1048 1535 1061 1562 s

949 1603 1031 1658 Waa.

110 1694 243 1747 Albanam
256 1694 373 1746 calicum
386 1689 424 1764 (v.
439 1688 496 1767 45).
510 1693 622 1748 Salmas.
637 1695 801 1759 :Alvorum,
814 1694 868 1747 cai.
881 1691 1024 1750 Heinsius:
1034 1695 1091 1751 ob-

73 1783 185 1848 barum,
201 1801 224 1835 c.
237 1783 310 1836 vide
328 1784 442 1836 Minu.

114 1872 190 1940 Quid
198 1873 213 1925 Ρ
225 1872 253 1923 si
263 1889 346 1943 quum
362 1867 475 1946 berre(v.
491 1869 527 1935 48
541 1869 622 1947 sqq.).
636 1871 761 1927 «Statius
772 1871 827 1926 boe
839 1873 899 1927 vult
913 1892 920 1926 ε
934 1872 963 1928 Si
976 1891 1029 1948 ego
1039 1873 1090 1929 tibi

72 1971 158 2034 porto
177 1961 342 2015 matutinum
358 1977 423 2027 ave,
446 1978 592 2032 aequumne
606 1971 645 2015 est
659 1974 700 2030 te,
714 1972 791 2016 tanto
810 1963 996 2035 superiorem,
1016 1966 1091 2020 salu-

73 2052 186 2108 tationis
198 2052 287 2107 rieem
300 2050 368 2105 mihi
380 2050 518 2107 reddere?
532 2052 653 2108 absurda
665 2054 723 2108 haec
737 2063 807 2108 esset
820 2054 894 2110 talio.
910 2078 922 2104 n
935 2057 1051 2112 ttius.

451 2311 492 2366 IN
512 2311 658 2369 LIBRUM
678 2313 712 2368 V.

108 2509 260 2562 Errsrons.
282 2503 391 2560 «Libro
403 2505 504 2578 quinto
522 2506 657 2560 Siluarum
673 2504 746 2560 bene
764 2522 818 2559 nos
834 2504 945 2561 monuit
961 2506 991 2560 P.
1008 2506 1086 2562 Scri-

69 2596 176 2667 verius,
190 2597 380 2671 praefationem
398 2596 434 2650 ad
446 2596 579 2652 lib-non
601 2595 686 2653 totius
707 2595 787 2664 libri,
803 2594 853 2650 sed
869 2596 964 2667 prima
979 2606 1086 2652 tantum

70 2689 149 2744 Silvae
162 2708 228 2745 esse.
245 2713 257 2738 s
276 2691 388 2756 Gnoso,
405 2706 433 2760 p.
449 2685 514 2742 302.

108 2782 201 2856 Vulgo
221 2780 338 2835 deerant
350 2780 456 2834 voculae
477 2791 518 2834 est
531 2789 577 2844 et,·
592 2795 679 2851 quare
695 2772 854 2831 Gronovius
868 2774 947 2846 prius
966 2776 1086 2848 conjecit

69 2891 173 2926 morum
193 2883 300 2926 tuorum
311 2889 394 2944 put,
413 2868 432 2924 i.
450 2887 474 2924 e.
489 2869 569 2944 quies
590 2888 597 2922 :
620 2865 796 2933 «Notabilis,
814 2864 920 2938 inquit,
937 2867 1085 2938 prudentia

69 2963 168 3017 summi
179 2963 266 3032 vatis,
283 2973 311 3017 et
330 2962 425 3017 secrrlo
443 2979 494 3016 suo
511 2960 583 3028 nati,
603 2957 788 3029 memorisque
806 2974 835 3010 se
853 2956 906 3010 snb
922 2958 1084 3016 Domitiano

69 3050 175 3121 virere3
189 3051 253 3125 qui,
275 3068 518 3125 quorumcumque
538 3068 606 3123 opes
627 3067 660 3103 ac
680 3047 811 3102 virtutem
829 3045 940 3114 laudat,
952 3047 986 3102 iis
1002 3048 1084 3104 etiam

70 3141 295 3214 tranquillitatem
310 3142 438 3197 attribuit
453 3161 460 3195 :
473 3141 501 3195 h.
520 3159 544 3196 e.
565 3149 711 3195 contentos
723 3153 781 3192 esse
801 3137 983 3207 presentibus
1004 3138 1083 3208 tutis,

71 3250 121 3285 nec
134 3234 214 3288 malle
228 3233 392 3305 periculosa.
408 3234 519 3288 »Multa
532 3232 567 3287 de
581 3232 633 3286 bac
645 3249 676 3286 re
688 3224 954 3303 pulchradisseruit,
967 3246 996 3301 p.
1012 3228 1084 3285 303-

71 3323 136 3395 3⁰9·
150 3323 205 3377 Sed
217 3333 281 3394 post
295 3323 325 3377 in
339 3324 382 3378 ed.
396 3323 476 3380 Statii
494 3322 627 3396 probavit
640 3320 720 3394 quod
730 3316 832 3392 partim
850 3335 865 3373 e
882 3317 965 3373 codd.
982 3319 1082 3375 Maril.

70 3413 160 3482 dedit,
175 3431 260 3486 quern
270 3413 351 3481 ride3
365 3413 395 3468 in
402 3434 464 3490 sqq.
479 3414 577 3485 etiam,
590 3413 640 3470 ubi
651 3412 728 3468 vocis
739 3409 875 3482 officiosus
887 3408 924 3466 de
936 3409 1083 3467 clientibus

68 3524 148 3559 usum
162 3503 288 3577 explicat

107 3597 198 3650 Curi.
215 3595 237 3650 1.
252 3593 304 3649 Ed.
314 3603 368 3649 vet
384 3596 556 3668 :Epieedrbn
570 3598 598 3652 in
611 3597 769 3652 Priscillam
780 3592 946 3649 Abascantii
960 3607 1081 3649 uxorem.

107 3688 297 3759 Mt'serumque
310 3703 437 3740 accessus
451 3689 491 3742 od
503 3708 597 3744 aurem
611 3686 740 3762 Corpjugis
752 3685 845 3741 orbati
854 3682 893 3762 (v.
912 3678 966 3757 19).
975 3680 1080 3737 Merito

67 3777 96 3832 in
110 3777 154 3833 bis
166 3776 258 3832 verbis
271 3775 392 3832 offendit
403 3778 503 3833 Markl.
518 3780 667 3836 statianam
683 3797 742 3835 esse
753 3775 922 3833 locutionem
934 3773 1037 3845 probat
1045 3790 1080 3829 ex

72 3868 203 3922 Thebaid.
211 3905 221 3932 ,
242 3885 269 3934 r,
283 3873 319 3935 74
338 3884 345 3919 ε
360 3891 372 3917 e
389 3867 567 3942 Placidasque
582 3888 706 3927 acessus
725 3867 762 3923 ad
774 3885 866 3934 aures3
879 3886 899 3915 n
912 3861 961 3918 sed
978 3862 1079 3918 deinde

22 3993 27 4003 ·
67 3966 154 4033 iirtzu.
168 3958 223 4012 Pro
242 3974 313 4011 voco
325 3957 455 4011 miseram
473 3970 646 4031 exspectatur
657 3960 750 4014 nullus
767 3957 811 4013 vel
830 3957 940 4010 clausus
958 3953 1003 4007 rel
1023 3951 1077 4006 ali-

65 4045 135 4118 quid
145 4044 293 4117 ejusmodi
303 4045 435 4120 Legenda
451 4045 543 4119 apices
553 4048 706 4105 littermm
715 4056 820 4102 tentare
830 4061 925 4118 possea
938 4052 1080 4098 nouerant·
