2812 5258
302 469 340 545 96
655 471 968 525 erumnarum
1116 434 1120 447 '
1237 469 1269 531 (v.
1282 471 1334 530 ει.)

301 593 450 664 Reddere
470 620 477 659 :
497 595 542 660 sic
561 608 647 661 certe
666 596 810 680 cineres,
830 594 1047 686 umbramque
1067 596 1210 686 priorem

202 767 210 783 2
300 715 430 802 Quaeris
448 711 575 797 adhuc;
592 714 638 780 sic
656 715 823 804 exsequias
840 711 990 806 amplexa
1005 714 1117 780 canori

300 834 478 926 Conjugis‚
498 832 645 924 ingentes
662 832 761 899 iteras
778 832 820 899 de
839 846 969 924 pectore
986 830 1154 924 planctus,

300 954 371 1018 Jam
390 975 462 1019 mea
481 977 489 1017 ε
507 975 567 1019 nec
583 951 686 1043 pietas
707 948 769 1018 alia
786 965 834 1019 est
851 951 930 1035 tihi,
949 972 1092 1042 curaque
1109 964 1218 1017 nate:

300 1070 354 1137 Sic
370 1082 407 1136 ut
423 1084 528 1137 mater
544 1093 651 1154 amas,
671 1069 717 1137 sic
732 1093 901 1162 nunquam
920 1067 1019 1137 corde
1034 1066 1155 1137 recedit

299 1190 388 1257 Nata
404 1203 480 1274 tu03
497 1187 660 1281 fixamque
677 1189 776 1256 animi
794 1186 1014 1281 penetralibus
1034 1189 1107 1256 imis

300 1308 425 1393 Nocte,
442 1307 560 1400 dieque
577 1322 669 1375 tenes
687 1332 695 1373 ι
716 1331 782 1374 uon
801 1307 847 1374 sic
861 1307 1036 1383 Trachinia
1053 1305 1146 1375 nidos

300 1424 445 1519 Alcyone
462 1451 574 1512 veros,
592 1450 659 1494 uon
677 1428 724 1493 sic
738 1423 918 1493 Philomela
934 1439 1067 1517 penates

301 1545 429 1612 Circuit
443 1542 657 1636 amplectens,
675 1545 881 1635 animamque
899 1544 933 1610 iu
950 1544 1087 1635 pignora
1104 1543 1271 1610 transfert.

299 1665 341 1730 Et
356 1684 444 1729 nunc
464 1659 520 1728 illa
537 1663 614 1729 terit
633 1660 735 1728 viduo
752 1659 841 1753 quod
861 1658 930 1728 sola
946 1661 1066 1747 cubili,

299 1781 376 1846 Otia
393 1794 461 1846 tam
477 1777 622 1872 pulchrae
638 1781 715 1848 terit
732 1778 907 1848 infecunda
920 1781 1062 1872 juventae
1079 1809 1086 1847 :

298 1896 362 1966 Sed
381 1898 513 1965 venient
529 1894 652 1991 plenis,
671 1899 803 1966 venient
820 1897 1006 1984 connubia,
1022 1899 1123 1967 taedis.

298 2017 353 2084 Sic
370 2030 477 2103 certe,
493 2016 670 2109 formaeque
685 2018 799 2104 bouis,
817 2018 982 2110 animique
1000 2032 1166 2086 meretur:

300 2135 375 2203 Sive
391 2135 507 2230 chelyn
523 2135 691 2230 complexa
707 2137 802 2222 serit3
818 2161 876 2205 seu
894 2161 972 2205 voce
989 2152 1123 2228 paterna

299 2256 500 2324 Disceudum
516 2258 622 2325 Musis
640 2272 754 2344 sonat,
773 2272 805 2325 et
823 2281 894 2325 mea
912 2256 1056 2323 carmina
1074 2255 1195 2342 flectit3

298 2373 447 2441 Candida
465 2397 522 2440 seu
539 2371 631 2440 molli
646 2371 774 2441 diducit
790 2373 923 2440 brachia
940 2384 1051 2458 motu;

298 2491 470 2584 Ingenium
489 2491 652 2588 probitas,
674 2505 843 2581 artemque
863 2490 1021 2559 modestia
1037 2493 1147 2561 vincit

233 2647 234 2650 ¹
345 2611 463 2679 Nonae
479 2608 566 2677 leves
584 2632 721 2701 pueros,
737 2632 804 2675 non
820 2622 869 2694 te,
886 2609 1064 2702 Cytherea,
1079 2611 1224 2705 pudebat

297 2733 370 2798 Hoc
386 2753 510 2798 cessare
526 2726 649 2797 decus?
669 2729 738 2797 Nec
758 2741 886 2795 tantum
905 2732 1011 2796 Roma
1028 2729 1154 2824 jugales

298 2847 481 2916 Conciliare
497 2861 606 2934 toros,
624 2847 785 2939 festasque
805 2847 981 2917 accendere
997 2849 1094 2918 tedas

296 2965 445 3051 Fertilis;
462 2981 496 3034 et
511 2981 624 3035 nostra
639 2942 750 3059 generi
765 2963 882 3035 tellure
897 2966 1073 3037 dabuntur.

297 3087 373 3155 Non
391 3084 472 3153 adeo
490 3085 677 3155 Vesuvinus
692 3088 791 3178 apest,
809 3101 843 3154 et
860 3086 1008 3156 llammea
1025 3087 1088 3155 diri

295 3205 418 3272 Montis
433 3204 538 3273 hiems
554 3203 697 3297 trepidas
715 3204 864 3274 exhausit
882 3207 1007 3274 civibus
1024 3208 1121 3274 urbes
1140 3232 1147 3273 ε

295 3324 408 3410 Stant,
426 3321 622 3416 populisque
641 3324 753 3416 vigent
768 3349 776 3390 ε
790 3324 844 3392 Ιιὶο
858 3326 989 3418 auspice
1004 3323 1134 3391 condita
1151 3327 1281 3398 Phoeho

295 3442 411 3523 Tecta,
431 3441 604 3510 Dicarchei
621 3455 757 3535 portus,
774 3455 807 3508 et
825 3440 922 3509 litora
938 3439 1053 3509 mundi

294 3561 452 3652 Hospita,
469 3574 502 3627 et
519 3560 572 3628 hic
591 3586 716 3654 magnae
734 3575 859 3643 tractus
876 3560 1037 3628 imitantia
1056 3566 1168 3632 Romae

293 3679 375 3766 Quae
393 3682 498 3773 Capys
516 3679 661 3748 advectis
679 3678 828 3772 implevit
845 3679 965 3747 moenia
982 3683 1125 3751 Teucris.

293 3798 412 3866 Nostra
429 3823 559 3891 quoque
573 3798 663 3867 haud
679 3799 821 3892 propriis
836 3799 962 3886 tenuis,
982 3826 1043 3868 nec
1059 3827 1133 3870 rara
1148 3802 1278 3876 colonis

294 3918 518 4011 Parthenope3
536 3919 589 3986 cui
610 3919 688 3986 mite
705 3917 812 3985 solum
830 3933 919 3986 trans
936 3943 1067 4011 aequora
1086 3935 1184 3990 vectae

296 4039 368 4128 lpse
384 4039 521 4106 Dionaea
538 4037 730 4112 monstravit
746 4035 866 4129 Apollo
885 4036 1046 4106 columba.
