2812 5258
188 470 220 531 l*-
236 470 288 527 ⁸⁵.)
479 464 729 525 nffltttulltos
748 467 858 522 LIBER
882 468 918 522 tt.
1164 460 1219 516 285

188 598 301 682 Quum
319 594 487 688 Scythicas
503 617 644 687 rapuere
659 592 789 676 domos,
809 606 841 659 et
859 607 954 685 capta
968 594 1128 659 Getamm

188 716 330 801 Moenia,
350 714 527 806 suppositis
544 712 720 807 epulantur
736 715 918 779 Amazones
935 711 1044 778 armis.

236 837 321 902 Tum
339 856 419 900 vero
434 833 580 901 intentus
591 829 702 899 vultus
718 854 757 899 ac
773 845 906 924 pectora
920 828 1034 899 Ulixes

189 952 340 1021 Praelibat
356 953 453 1021 visu:
473 950 528 1020 sed
547 975 629 1038 nox,
648 949 805 1042 illataque
822 947 942 1017 fallunt

187 1074 349 1158 Lumina,
364 1087 396 1140 et
414 1070 578 1164 extemplo
595 1068 692 1137 latuit
711 1092 864 1136 mensura
880 1070 1029 1160 jacentis.

187 1193 231 1259 Et
248 1205 358 1259 tamen
376 1203 586 1280 erectumque
602 1211 723 1280 genas,
742 1185 911 1279 oculisque
926 1201 1117 1279 vagantem,

187 1308 354 1403 Nullaque
371 1309 511 1401 virginei
528 1321 712 1376 servantem
729 1307 823 1400 signa
842 1304 992 1400 pudoris,

186 1427 328 1522 Defigit,
347 1429 526 1520 comitique
541 1425 678 1521 obliquo
698 1424 822 1494 lumine
839 1440 1011 1494 monstrat.

187 1545 286 1635 Quod
303 1549 365 1616 nisi
382 1549 581 1642 precipitem
598 1545 722 1616 blando
738 1544 908 1639 complexa
923 1561 1072 1614 moneret

186 1667 360 1735 Deidamia
381 1669 471 1753 sinu,
490 1664 679 1759 nudataque
695 1655 829 1759 pectora
845 1684 986 1758 semper,

187 1789 389 1880 Exertasque
406 1810 543 1871 manus,
559 1785 782 1878 humerosque
798 1787 833 1851 in
852 1798 943 1853 veste
959 1798 1104 1870 teneret,

186 1910 228 1975 Et
245 1906 378 1999 prodire
395 1908 496 1991 toris,
517 1920 549 1972 et
570 1927 705 1998 poscere
724 1905 802 1971 vina
819 1917 944 1971 vetaret

186 2028 326 2118 Saepius,
344 2039 377 2093 et
397 2024 499 2092 fronti
515 2021 638 2091 crinale
656 2036 833 2116 reponeret
848 2045 988 2108 aurum3

186 2142 349 2237 Argolicis
365 2143 506 2211 ducibus
519 2142 586 2235 jam
605 2156 685 2209 tunc
704 2141 864 2235 patuisset
880 2140 1034 2209 Achilles.

234 2268 280 2334 Ut
296 2262 424 2356 placata
441 2261 544 2331 fames
560 2259 665 2354 epulis
681 2261 732 2329 his
751 2276 866 2356 terque
881 2263 1035 2354 repostis,

185 2388 255 2453 Rex
275 2385 368 2477 prior
385 2379 576 2474 alloquitur,
593 2382 782 2474 paterisque
800 2381 954 2451 hortatur
972 2384 1116 2451 Achivos
1135 2408 1143 2450 :

185 2531 201 2567 u
219 2502 356 2570 Invideo
373 2502 506 2585 vestris,
522 2499 638 2586 fateor,
658 2501 775 2569 decora
793 2499 915 2594 inclyta
932 2504 1039 2596 gentis

185 2620 363 2714 Argolicae,
384 2621 499 2714 coeptis
518 2647 526 2687 z
546 2622 674 2694 utinam
695 2620 778 2688 mihi
798 2620 916 2689 fortior
934 2637 1032 2705 setas,

185 2741 334 2832 Quaeque
348 2739 428 2825 fuit,
447 2737 595 2834 Dolopas
612 2764 715 2832 quum
732 2740 844 2831 Scyria
864 2739 960 2808 litora
976 2740 1109 2811 adortos

184 2858 379 2945 Perdomui,
397 2858 546 2953 fregique
563 2857 654 2926 vadis
672 2882 680 2924 :
702 2881 776 2949 quae
796 2858 888 2952 signa
908 2859 1091 2951 triumphi,

184 2977 320 3046 Vidistis
338 2974 439 3046 celsas
457 3001 628 3046 murorum
647 2978 679 3044 in
699 2976 808 3046 fronte
826 2978 964 3047 carinas.

183 3097 306 3166 Saltem
323 3099 349 3164 si
368 3094 515 3180 soboles,
530 3110 640 3190 aptam
657 3120 756 3189 quam
776 3098 906 3166 mittere
922 3096 1010 3167 bello

183 3220 335 3304 Possem,
353 3215 450 3311 plena
468 3215 577 3284 forent
595 3215 676 3284 mihi
694 3216 813 3310 gaudia
836 3242 844 3284 τ
865 3242 1007 3312 namque
1023 3220 1185 3312 juvarem.

183 3338 282 3406 Nunc
300 3339 361 3430 ipsi
379 3337 530 3429 viresque
545 3360 651 3421 meas,
668 3351 702 3405 et
721 3362 796 3406 cara
813 3336 932 3406 videtis

183 3456 324 3551 Pignora
337 3455 490 3549 :quaudo
501 3480 603 3525 novos
617 3455 710 3525 dabit
721 3457 883 3526 ltaec'mihi
895 3457 991 3526 turba
1004 3462 1163 3553 nepotes?
1173 3492 1189 3525 u

231 3577 386 3661 Dixerat,
405 3591 438 3644 et
453 3575 555 3651 solers
571 3591 706 3669 arrepto
722 3591 871 3671 tempore
887 3575 1002 3647 Ulixes
1021 3606 1028 3646 ε

183 3692 313 3760 «Haud
336 3696 520 3788 spernenda
540 3697 659 3790 cupis:
678 3697 752 3788 quis
772 3698 860 3765 euim
886 3722 952 3766 non
975 3700 1080 3767 visere
1099 3714 1212 3795 gentes

182 3814 395 3900 Innumeras,
413 3815 590 3906 variosque
606 3813 723 3903 duces,
745 3831 844 3912 atque
860 3820 991 3914 agmina
1010 3845 1126 3914 regum

181 3931 325 4000 Ardent?
343 3934 453 4001 Omne
472 3930 570 4000 simul
588 3933 755 4028 roburque
772 3936 937 4030 decusque
956 3941 1101 4031 potentis

182 4055 323 4144 Europe
342 4050 478 4119 meritos
499 4047 587 4119 ultro
600 4052 725 4143 juravit
744 4056 778 4121 in
795 4077 899 4123 enses.
