2812 5258
665 269 674 302 t

326 389 363 446 66
640 392 852 451 autumnos
871 392 981 448 LIBER
1003 393 1053 446 vt.
1247 394 1279 454 (v.
1292 396 1361 458 ²9⁵·l

325 517 583 607 Praestautesque
602 517 689 586 viros
711 531 804 585 vocat
823 516 865 584 ad
885 540 943 583 sua
961 517 1096 608 praemia
1115 516 1232 584 virtus.

374 634 503 703 Primus
521 634 623 704 sudor
639 636 743 729 equis.
764 637 847 721 Dic,
867 633 988 726 inclyte
1005 635 1144 717 Phoebe,
1163 652 1337 731 regentum

244 735 246 740 Ι
325 755 484 840 Nomina,
503 753 557 824 dio
574 756 689 849 ipsos:
710 779 815 848 neque
832 756 919 824 enim
936 755 1126 848 generosior
1142 754 1289 848 unquam

326 877 497 972 Alipedum
516 877 636 948 collata
651 881 738 948 *acies
757 905 764 946 τ
786 903 846 948 ceu
864 893 1007 972 praepete
1025 901 1124 946 cursu

326 985 516 1092 Confligai't
531 998 639 1068 densae
656 997 821 1084 volucres,
840 1012 897 1066 aut
913 997 1008 1067 litore
1026 998 1061 1064 iu
1080 1021 1146 1064 uno

326 1116 437 1185 AEolus
455 1118 576 1185 insanis
593 1131 716 1185 statuat
731 1117 911 1184 certamina
930 1117 1046 1184 ventis.

373 1238 516 1304 Ducitur
534 1251 610 1304 ante
629 1261 744 1305 omnes
762 1235 868 1305 rutilae
888 1236 1078 1304 manifestus
1096 1236 1198 1304 Arion

326 1359 408 1450 Igne
421 1356 511 1448 jubae
522 1383 536 1424 «ε
556 1359 733 1452 Neptunus
748 1381 850 1449 equo,
866 1357 895 1424 si
910 1370 999 1430 certa
1016 1357 1165 1449 priorum

327 1480 441 1565 Fama,
462 1489 581 1569 pater:
603 1477 729 1567 primus
748 1476 868 1543 teneris
888 1474 1005 1543 laesisse
1025 1474 1144 1567 lupatis

327 1602 412 1681 Ora,
430 1606 463 1663 et'
479 1593 595 1663 litoreo
613 1594 789 1682 domitasse
805 1594 840 1661 iu
858 1591 993 1685 pulvere
1010 1593 1129 1682 fertur,

327 1713 527 1782 Verberibus
543 1736 680 1806 parcens
698 1738 707 1779 :
726 1712 846 1780 etenim
863 1713 1038 1806 insatiatus·
1051 1713 1151 1780 eundi

327 1832 449 1920 Ardor,
467 1848 500 1901 et
516 1833 662 1926 hyberno
678 1855 739 1926 par
756 1832 976 1901 inconstantia
992 1847 1106 1926 ponto.

329 1954 419 2046 Saepe
436 1977 496 2047 per
512 1952 642 2019 lonium
659 1930 885 2044 Libycumque
903 1954 1092 2022 natantibus
1110 1955 1157 2022 ire

328 2074 553 2165 Interjunctus
570 2071 681 2163 equis,
698 2095 877 2164 omnesque
895 2088 1042 2142 assuetus
1059 2076 1093 2141 in
1111 2099 1185 2142 oras

329 2190 513 2265 Caeruleum
531 2189 660 2288 ,deferre
677 2204 804 2283 patrem
822 2217 829 2258 :
847 2206 1004 2285 stupuere
1022 2190 1136 2259 relicta

329 2307 471 2396 Nubila,
487 2311 814 2402 certantesllurique
831 2312 979 2402 Notique
997 2323 1189 2401 sequuntur.

330 2428 398 2495 Nec
417 2428 526 2494 minor
544 2428 580 2495 in
601 2429 695 2496 terris
716 2426 801 2516 bella
820 2428 1005 2521 Eurysthea
1023 2442 1188 2521 gerentem

330 2545 648 2640 Amphitryoniaden
668 2545 736 2616 alto
756 2572 815 2642 per
833 2549 982 2641 gramina
1003 2545 1093 2615 sulco

329 2670 505 2735 Duxerat:
527 2665 574 2735 illi
591 2669 691 2737 etiam
711 2667 815 2757 ferus,
834 2666 1050 2761 indocilisque
1070 2670 1184 2737 teneri.

330 2789 410 2854 Mox
431 2788 555 2855 Divum
574 2786 664 2856 dono
684 2788 771 2882 regis
791 2788 945 2882 dignatus
965 2787 1096 2858 Adrasti
1150 2795 1154 2806 ’

332 2908 489 3000 Imperia,
504 2922 538 2975 et
553 2906 695 2976 multum
713 2907 829 2976 mediis
846 2923 1073 2978 mansueverat
1089 2910 1193 2976 aunis.

332 3028 426 3093 Tunc
441 3041 551 3095 rector
565 3052 688 3121 genero
703 3026 850 3122 Polynici
867 3025 1015 3121 indulget
1031 3027 1195 3122 agendum

332 3143 440 3211 Multa
457 3170 613 3235 monens,
630 3147 688 3214 ubi
705 3146 815 3215 servor
830 3170 934 3238 equo,
953 3171 1018 3240 qua
1034 3163 1146 3216 suetus
1165 3148 1206 3215 ab
1225 3163 1294 3216 arte

333 3261 492 3351 Mulceri,
510 3290 553 3333 ne
571 3289 654 3334 saeva
672 3289 807 3352 manus,
826 3289 869 3333 ne
886 3264 969 3334 liber
987 3267 1123 3336 habenis

333 3384 488 3474 lmpetus.
512 3385 633 3476 «Urge
650 3382 751 3470 alios,
771 3385 896 3476 inquit,
915 3386 1137 3480 stimulisque,
1158 3388 1341 3485 minisque3

331 3498 391 3568 llle
411 3501 487 3587 ibit,
509 3504 617 3576 miuus
637 3504 707 3594 ipse
723 3502 814 3571 voles
832 3529 840 3570 ι
856 3534 873 3569 n
894 3506 940 3573 sic
958 3507 1052 3600 ignea
1069 3505 1141 3575 lora

331 3620 443 3707 Quum
462 3619 573 3706 daret,
592 3635 625 3704 et
640 3620 758 3714 rapido
772 3620 831 3692 sol
848 3638 963 3693 natum
981 3627 1168 3719 imponeret
1186 3629 1257 3715 axi,

330 3738 540 3807 Gaudentem
558 3737 742 3834 lacrymans
761 3758 851 3812 astra
868 3742 1025 3813 insidiosa
1043 3744 1199 3835 docebat,

331 3855 554 3949 Nolentesque
572 3855 634 3927 teri
652 3885 770 3949 zonas,
790 3862 1000 3955 mediamque
1019 3863 1174 3958 polorum

331 3976 538 4068 Temperiem
558 4002 565 4043 :
585 3979 658 4071 pius
677 3978 731 4049 ille
748 3981 895 4074 quidem,
913 3997 946 4052 et
962 3981 1139 4054 formidine
1156 3998 1271 4070 cauta;
