2812 5258
544 1204 601 1269 ΑΒ
626 1202 861 1270 CLAUDIAM
887 1203 1090 1271 UXOREM.

743 1522 890 1540 ...ο-

351 1788 447 1873 Qum
464 1784 544 1852 mihi
563 1798 674 1852 maesta
691 1782 762 1871 die,
781 1786 878 1853 sociis
895 1784 975 1878 quid
995 1785 1165 1873 noctibus,
1185 1811 1283 1874 uxor,

210 1974 212 1978 Α
302 1907 427 1994 Anxia,
446 1903 596 1999 pervigili
614 1903 705 1972 ducis
723 1905 864 1999 suspiria
881 1905 981 1976 cura?

302 2027 380 2094 Non
398 2039 507 2093 metuo
526 2049 567 2093 ne
586 2023 660 2093 laesa
678 2023 779 2110 fides,
797 2040 855 2094 aut
871 2039 1003 2120 pectore
1020 2029 1053 2095 in
1073 2028 1135 2095 isto

301 2144 393 2214 Alter
410 2169 502 2212 amor
521 2170 528 2211 τ
549 2144 647 2213 nullis
666 2145 699 2214 in
719 2161 750 2214 te
768 2143 864 2215 datur
883 2147 931 2215 ire
950 2147 1092 2239 sagittis,

301 2263 425 2333 Audiat
441 2263 557 2332 infesto
575 2264 649 2335 lieet
666 2268 735 2335 haee
752 2267 953 2336 Rhamnusia
972 2263 1085 2347 vultu,

301 2384 377 2452 Non
396 2383 511 2465 datur,
530 2397 561 2450 et
579 2384 606 2452 si
624 2399 767 2475 egomet,
786 2385 893 2477 patrio
912 2383 952 2451 de
971 2380 1065 2449 litore
1083 2394 1210 2472 raptus,

300 2503 452 2591 Quatuor
469 2502 610 2569 emeritis
628 2526 686 2595 per
704 2499 808 2589 bella,
827 2527 887 2594 per
904 2526 1053 2594 aequora,
1071 2498 1182 2568 lustris

302 2626 473 2710 Errarem,
492 2635 528 2690 tu
545 2618 635 2688 mille
652 2644 770 2714 procos
789 2620 909 2688 intacta
927 2620 1075 2714 fugares;

301 2744 379 2811 Non
398 2742 584 2810 intersectas
602 2754 786 2809 commenta
804 2754 949 2809 retexere
968 2739 1066 2830 telas,

303 2858 365 2928 Sed
385 2862 453 2929 sine
471 2860 585 2930 fraude
603 2859 728 2954 palam,
747 2860 962 2954 thalamisque
979 2861 1093 2929 orbata
1112 2883 1270 2951 negasses.

347 2980 409 3048 Dic
427 2995 555 3065 tamen,
575 2979 663 3050 unde
680 2979 743 3049 alia
761 2981 843 3049 mihi
862 2980 985 3066 fronte,
1003 2995 1036 3048 et
1053 2977 1165 3047 nubila
1183 2975 1307 3046 vultu?

302 3101 396 3167 Anne
411 3098 501 3192 quod
518 3100 681 3178 Euboioos
698 3100 801 3170 fessus
820 3125 965 3169 remeare
983 3114 1115 3193 penates

263 3224 267 3232 ’
300 3221 471 3314 Auguror,
490 3233 521 3287 et
539 3221 644 3313 patria
662 3220 790 3291 senium
808 3245 1004 3314 componere
1022 3217 1130 3288 terra?

302 3342 374 3407 Cur
391 3338 455 3407 hoe
472 3339 562 3408 triete
579 3338 662 3408 tibi?
678 3355 765 3409 certe
782 3339 914 3411 lascivia
930 3339 1022 3408 cordi

300 3456 411 3540 Nulla,
431 3483 491 3526 uec
508 3473 565 3526 aut
583 3460 691 3554 rapidi
710 3459 854 3528 mulcent
871 3473 902 3528 te
921 3458 1038 3553 proelia
1055 3459 1160 3540 Circi,

300 3580 368 3646 Aut
386 3579 485 3645 intrat
504 3601 616 3646 sensus
633 3577 767 3647 clamosi
786 3580 882 3647 turha
900 3578 1040 3648 theatri:

300 3697 363 3768 Sed
383 3700 545 3792 probitas,
563 3713 595 3767 et
613 3723 717 3793 opaca
735 3701 846 3791 quies,
865 3716 897 3769 et
915 3699 1046 3768 sordida
1065 3720 1232 3790 nunquam

300 3817 441 3887 Gaudia.
462 3820 555 3905 Quas
574 3833 681 3886 autem
699 3821 849 3887 comitem
869 3835 900 3887 te
919 3835 1012 3912 rapto
1032 3843 1091 3912 per
1110 3813 1235 3884 undas?

300 3939 518 4030 Quanquam,
538 3953 570 4006 et
587 3939 614 4005 si
632 3937 755 4031 gelidas
774 3941 855 4007 irem
875 3963 1047 4007 mansurus
1066 3934 1107 4003 ad
1125 3938 1259 4019 Arctos,

300 4054 362 4125 Vel
381 4081 480 4150 super
499 4058 658 4151 Hesperiae
677 4057 758 4127 vada
777 4057 950 4151 caligantia
967 4055 1109 4139 Thules,
