2812 5258
69 443 166 500 rao.)
390 444 582 499 srnvsnuu
605 443 709 497 unm
733 445 779 498 1v.
1045 457 1095 511 ιη

121 569 208 662 Ergo
229 567 316 662 quod
337 570 487 636 Ausoniae
505 583 597 661 pater
616 566 864 659 augustissimus
884 566 972 634 urbis

71 692 128 758 lus
148 690 208 756 tibi
227 689 412 781 tergeminae
429 687 562 754 dederat
581 684 718 753 laetabile
735 683 857 778 prolis,

72 811 180 877 Omen
200 823 293 876 erat:
315 807 405 875 venit
424 806 520 873 toties
538 807 681 889 Lucina,
702 805 859 896 piumque

72 929 210 995 Intravit
229 927 364 1016 repetita
385 921 513 991 larem:
535 925 580 991 sic
600 922 732 1007 fertilis,
751 947 831 1008 oro,

74 1050 143 1114 Stet
162 1046 298 1125 domus,
317 1058 349 1110 et
367 1040 461 1111 donis
477 1065 646 1133 nunquam
667 1040 790 1109 nudata
809 1043 953 1109 sacratis.

119 1167 244 1249 Macte,
263 1160 353 1254 quod
372 1175 407 1230 et
422 1159 530 1254 proles
546 1162 605 1228 tibi
621 1161 736 1252 saepius
753 1173 848 1227 aucta
864 1157 951 1226 virili

72 1282 203 1350 Robore
220 1305 228 1347 :
245 1304 280 1349 se
291 1280 405 1373 juveni
420 1279 560 1350 mediam
575 1278 631 1346 dat
648 1280 741 1371 virgo
757 1277 883 1371 parenti
900 1301 908 1343 :

73 1398 214 1493 [Aptior
231 1399 282 1466 his
299 1398 425 1483 virtus,
443 1389 649 1486 citius]dabit
666 1394 720 1463 illa
738 1409 882 1488 nepotes.

71 1516 185 1604 Qualis
205 1517 361 1584 maternis
380 1514 504 1585 Helene
520 1517 587 1607 jam
608 1515 707 1608 digna
726 1514 885 1608 palaestris

72 1638 162 1703 Inter
180 1636 358 1728 Amyclaeos
377 1636 525 1728 reptabat
545 1634 684 1702 candida
702 1634 836 1719 fratres3

72 1751 133 1820 Vel
150 1753 255 1844 qualis
271 1752 345 1821 coeli
360 1753 476 1838 sacies,
494 1755 549 1821 uhi
567 1768 661 1821 nocte
677 1776 789 1821 serena

72 1869 255 1937 Admovere
268 1870 367 1960 jubar
382 1870 496 1936 mediae
510 1869 576 1938 duo
592 1870 698 1938 sidera
713 1870 809 1940 tuna.

74 1985 138 2053 Sed
159 2009 280 2077 queror
301 1984 391 2053 baud
414 1984 541 2069 faciles,
558 1987 716 2076 juvenum
738 1989 922 2074 rarissime,
943 2004 1093 2080 questus,

57 2106 262 2195 ,irascorque
277 2105 396 2187 etiam,
414 2117 572 2194 quantum
589 2105 772 2171 irascuntur
789 2119 943 2172 amantes.

71 2225 218 2289 Tantane
235 2246 286 2289 me
303 2220 413 2289 decuit
431 2219 559 2313 vulgari
575 2220 694 2314 gaudia
709 2220 794 2289 fama

71 2339 235 2408 Nascere?
249 2364 417 2432 quumque
433 2341 493 2406 tibi
510 2342 635 2433 vagiret
649 2341 765 2408 tertius
784 2341 906 2427 infans,

70 2460 224 2525 Protinus
242 2459 366 2551 ingenti
385 2482 451 2524 non
469 2460 559 2525 venit
576 2460 690 2526 nuntia
707 2483 803 2526 cursu

71 2578 208 2658 Littera,
228 2601 301 2669 quae
321 2576 419 2643 festos
439 2574 606 2643 cumulare
624 2575 778 2644 altaribus
798 2578 904 2669 ignes,

71 2696 113 2760 Et
131 2693 284 2760 redimire
303 2692 438 2785 chelyn,
456 2710 628 2787 postesque
646 2720 764 2763 ornare
782 2694 930 2785 juberet,

72 2810 262 2903 Albanoque
282 2811 399 2880 cadum
418 2813 602 2880 sordentem
620 2837 770 2904 promere
786 2810 898 2893 sumo,

71 2931 112 2995 Et
130 2943 218 2996 creta
238 2931 367 3021 signare
388 2929 496 2997 diem?
516 2928 571 2996 sed
590 2930 701 2997 tardus
719 2932 870 3019 inersque

71 3047 168 3112 Nunc
189 3047 318 3114 demum
336 3072 406 3114 mea
423 3063 500 3115 vota
517 3048 620 3115 cano?
640 3063 696 3114 tua
714 3048 829 3138 culpa,
849 3060 988 3138 tuusque

69 3165 130 3231 Hic
148 3164 277 3256 pudor:
295 3164 432 3233 ulterius
448 3165 504 3232 sed
521 3168 606 3233 enim
626 3166 805 3258 producere
820 3180 953 3257 questus

69 3285 144 3348 Non
166 3283 260 3370 licet;
279 3310 320 3352 en
340 3284 453 3353 hilaris
474 3287 663 3352 circumstat
683 3284 779 3350 turba
797 3298 949 3368 tuorum,

71 3401 290 3494 Defensatqne
308 3420 433 3495 patrem
453 3430 461 3471 :
480 3429 576 3496 quem
597 3428 664 3469 non
685 3404 748 3470 boc
766 3405 895 3496 agmine
915 3405 1046 3472 vincas?

118 3520 161 3586 Di
181 3521 298 3611 patrii,
315 3547 397 3614 quos
414 3524 559 3617 auguriis
580 3547 676 3614 super
692 3546 822 3613 aequora
839 3525 964 3615 magnis

72 3637 164 3703 Litus
183 3638 224 3704 ad
241 3643 421 3709 Ausonium
442 3643 570 3711 devexit
590 3643 730 3709 Abantia
749 3641 876 3723 classis,

71 3756 142 3836 Tu,
163 3754 281 3823 ductor
301 3757 412 3848 populi
431 3757 526 3852 longe
544 3763 754 3853 migrantis,
775 3757 915 3849 Apollo,

71 3872 174 3963 Cujus
192 3874 298 3941 adhuc
315 3874 480 3943 volucrem
498 3878 575 3947 laeva
596 3883 722 3948 cervice
740 3879 904 3947 sedentem

70 3992 259 4082 Respiciens
276 3993 394 4062 blande
412 3993 486 4061 selix
503 3996 647 4065 Eumelis
664 3998 796 4079 adoran
