2812 5258
298 425 331 493 54
610 422 821 479 THEBAIDOS
843 423 953 478 LIBER
973 424 1008 477 V.
1219 427 1250 483 l'·
1263 425 1331 483 7¹5l

340 555 448 623 Causa
468 547 529 618 rite
548 548 707 642 genitrix,
726 573 788 617 nec
808 548 976 642 inhospita
999 563 1084 616 tecta
1104 550 1249 642 Lycurgi

293 672 507 742 Praebuerant
527 668 652 753 adituS,
672 681 706 736 et
723 669 875 762 protinus
895 667 951 737 ille
969 683 1111 762 tyranno

293 794 440 864 Nuntius
458 791 625 859 exstinctae
642 789 830 858 miserando
848 788 984 859 vulnere
1001 789 1114 884 prolis.

294 917 385 1007 Ergo
405 910 527 980 adsunt
543 908 681 978 comites
697 907 784 1004 (pro
801 909 886 999 fors,
905 924 940 979 et
957 935 1042 980 caeca
1060 911 1164 983 bituri

295 1036 392 1101 Meus
408 1024 622 1122 hominuml)
639 1029 779 1123 regique
794 1028 905 1098 favent
921 1055 929 1097 ε
946 1029 1003 1099 sed
1017 1035 1161 1101 Lemnos
1178 1031 1222 1100 ad
1238 1055 1332 1100 aures

296 1158 342 1225 Ut
358 1153 521 1244 primum,
543 1147 716 1241 dictusque
731 1150 859 1237 Thous,
877 1175 936 1245 per
953 1150 1037 1240 tels,
1055 1176 1238 1245 manusque

296 1277 487 1356 lrruerunt,
505 1283 714 1361 matremque
732 1268 839 1338 avidis
854 1268 1080 1362 complexibus
1097 1271 1196 1340 umbo

295 1394 467 1486 Diripiunt
486 1389 618 1475 flentes,
640 1388 835 1483 alternaque
852 1405 990 1487 pectora
1008 1407 1146 1463 mutant

346 1510 407 1579 Illa
423 1509 515 1578 velut
531 1533 630 1605 rupes
647 1511 786 1580 immoto
803 1535 899 1580 saxea
916 1513 989 1580 visu

298 1637 424 1720 Haeret,
444 1646 478 1700 et
496 1630 638 1725 expertis
655 1655 724 1699 non
743 1629 844 1700 audet
861 1630 994 1700 credere
1007 1633 1119 1713 Divis.

298 1756 346 1823 Ut
362 1776 441 1820 vero
458 1766 492 1821 et
507 1749 637 1839 vultus,
652 1765 688 1820 et
703 1752 798 1845 signe
813 1755 927 1846 Argoa
942 1750 1064 1820 relictis

298 1871 460 1958 Ensibus,
479 1886 579 1964 utque
596 1871 742 1940 humeris
760 1870 935 1941 amborum
954 1872 1097 1940 intextus
1112 1874 1228 1959 lason,

299 1994 478 2061 Cesserunt
494 1989 619 2079 luctus,
637 1991 836 2086 turbataque
854 2015 991 2060 munere
1009 2006 1101 2060 tanto

299 2113 452 2198 Corruit,
474 2127 574 2205 utque
593 2109 659 2180 alio
678 2111 877 2181 maduerunt
898 2110 1023 2181 lumina
1045 2111 1139 2180 lletu:

302 2229 425 2300 Addita
442 2232 537 2326 signe
555 2230 652 2325 polo,
672 2231 812 2324 laetoque
830 2231 978 2300 ululante
996 2231 1139 2300 tumultu

298 2353 492 2445 Tergaque,
509 2366 542 2420 et
561 2376 626 2421 era
644 2353 709 2421 Dei
728 2367 834 2420 motas
851 2376 1010 2445 crepuere
1025 2378 1086 2446 per
1100 2378 1208 2422 auras.

348 2474 445 2540 Tunc
461 2473 536 2566 pius
553 2469 726 2558 OEclides,
745 2485 783 2539 ut
799 2473 908 2567 prima
925 2470 1056 2541 silentia
1071 2472 1164 2569 vulgi

301 2589 438 2659 Mollior
455 2591 504 2658 ira
520 2589 630 2678 dedit,
649 2589 860 2684 placidasque
876 2593 1012 2661 accessit
1027 2593 1070 2662 ad
1087 2614 1207 2664 aures:

352 2709 518 2798 «Audite,
537 2735 559 2779 ο
578 2711 698 2780 ductor
715 2713 864 2799 Nemee,
881 2709 1021 2805 lectique
1037 2729 1188 2810 potentes

304 2830 486 2919 lnacliidae,
507 2852 581 2924 quae
599 2846 708 2901 cernis
728 2833 783 2926 agi
804 2832 993 2903 manifestat
1011 2834 1142 2929 Apollo.

304 2954 369 3019 Iste
386 2950 520 3044 quidem
539 2950 702 3047 Argolicis
719 2953 810 3022 haud
826 2952 905 3022 olim
926 2953 1092 3024 indebitus
1111 2959 1211 3025 armis

272 3053 281 3062 .
304 3075 429 3139 Luctus
449 3070 543 3139 adest
564 3097 571 3139 :
593 3088 686 3142 recto
706 3072 911 3143 descendunt
930 3072 1033 3144 limite
1050 3079 1171 3150 Parce.

305 3192 349 3260 Et
366 3193 435 3259 sitis
454 3193 588 3261 interitu
605 3191 802 3281 fluviorum,
821 3209 854 3263 et
871 3193 977 3264 letifer
993 3201 1127 3292 anguis,

306 3314 350 3379 Et
370 3335 468 3404 puer,
488 3312 553 3380 heu
574 3315 677 3382 nostri
699 3315 846 3408 signatus
867 3317 1002 3385 nornine
1023 3317 1098 3405 tati,

308 3431 552 3500 Archemorus:
571 3447 692 3502 cuncta
711 3433 781 3502 baec
800 3437 965 3530 Superum
983 3438 1122 3507 demissa
1144 3466 1297 3534 suprema

306 3553 420 3618 Mente
439 3550 572 3620 fluunt:
590 3552 723 3622 differte
742 3557 887 3642 animos,
907 3558 1087 3649 festinaque
1105 3558 1169 3626 tela

306 3672 423 3741 Ponite
442 3698 450 3740 ε
469 3675 633 3742 mansuris
650 3674 824 3746 donandus
842 3676 1024 3746 honoribus
1041 3674 1149 3744 infans
1167 3703 1174 3744 :

307 3794 350 3859 Et
370 3793 490 3861 meruit
508 3819 516 3860 :
536 3793 591 3863 det
608 3793 747 3888 pulchra
767 3798 833 3866 suis
850 3794 1006 3863 libamina
1024 3794 1128 3864 virtus

307 3911 481 3995 Manibus,
502 3927 601 4007 atque
620 3917 747 3983 utinam
769 3913 879 4007 plures
900 3914 1065 3983 innectere
1084 3943 1219 4015 pergas,

308 4029 446 4117 Pboebe,
468 4056 596 4120 moras,
616 4055 808 4127 semperque
830 4033 924 4101 novis
944 4032 1069 4107 bellare
1090 4057 1237 4111 vetemur
