2812 5258
181 434 240 502 ³24
555 426 846 484 inuoririours

226 545 351 603 Tritonia
366 545 448 601 vellit
461 547 497 617 (v.
513 541 586 616 704).
603 561 619 594 2
636 540 720 595 codd.
737 539 854 611 :peilit‚
872 538 1008 611 probante
1023 538 1120 591 Bnrth.

223 655 271 708 Act
277 653 384 728 proelio
393 651 494 706 Martii
507 647 543 723 (v.
554 644 631 721 733).
646 648 796 717 Perperarn
809 644 957 716 praefertur
965 643 1048 699 lectio
1062 654 1131 699 vett.
1147 644 1228 713 edd,

183 757 211 801 et
226 746 338 820 aliquot
351 743 435 799 codd.
450 761 457 794 t
472 765 486 790 α
501 738 537 794 ad
546 739 673 812 praemia
689 737 798 792 Martis.
815 760 828 785 n

552 967 592 1019 IN
616 964 764 1018 LIBRUM
788 963 840 1018 lx.

222 1193 306 1246 Retro
321 1192 434 1246 torsisse
450 1188 489 1265 (v.
509 1188 547 1263 7).
565 1189 634 1262 lleg.
654 1207 665 1241 ι
683 1208 689 1241 :
705 1212 717 1235 a
733 1188 795 1241 αΙία
809 1197 900 1242 tots.»
915 1187 1013 1241 Voluit
1027 1189 1095 1241 alio.

221 1297 432 1350 Erratiovimuc
447 1294 485 1369 (v.
509 1292 563 1370 14).
578 1292 663 1347 Multi
677 1291 760 1347 codd.
777 1310 784 1344 :
799 1294 1034 1360 exsaturavimus,
1047 1294 1141 1365 pejus

222 1401 362 1475 Ciceroque
375 1400 413 1478 (v.
432 1398 488 1476 αι).
503 1401 557 1454 ΜΒ
572 1419 579 1452 :
596 1398 729 1471 clarique.
745 1399 807 1452 Put.
822 1400 908 1453 laude
920 1416 974 1471 pro
989 1401 1057 1453 luce.
1070 1402 1222 1456 —Paullo

181 1503 247 1566 post
265 1495 348 1550 multi
366 1494 451 1550 codd.
466 1513 474 1547 τ
490 1492 606 1566 «fugam
620 1491 766 1545 mirantur.
779 1514 791 1538 »

221 1587 353 1641 Membra
362 1588 448 1673 siqui
459 1582 497 1661 (v,
507 1583 564 1660 4ι).
577 1602 616 1638 «n
630 1582 761 1637 meliores
774 1582 839 1637 libri
852 1584 943 1638 nostri
952 1586 992 1639 Μ.
1002 1586 1071 1639 solo.
1085 1609 1098 1632 ι
1109 1587 1226 1642 neuen.
1308 1626 1312 1633 -

222 1692 365 1745 Assistunt
377 1691 447 1744 socii
459 1689 495 1763 (v.
511 1685 569 1764 45).
585 1689 639 1742 ΜΒ
653 1697 681 1742 et
695 1690 729 1742 al.
746 1706 811 1742 cum
827 1706 843 1742 2
859 1689 948 1763 liegg.
965 1689 1133 1744 :absistunt

225 1795 352 1868 dependi
370 1791 408 1870 (v.
425 1791 483 1867 50).
503 1792 641 1848 Nonnulli
662 1791 748 1847 codd.
766 1792 920 1866 :rependo‚
939 1791 1105 1865 praet'erente
1123 1795 1226 1850 llartb.

224 1900 356 1969 Quanam
369 1897 423 1952 hoc
436 1917 489 1972 ego
503 1909 592 1952 morte
605 1898 694 1971 piabo
703 1896 741 1973 (v.
758 1896 826 1974 60)t
839 1922 852 1947 ι
863 1897 1009 1969 Ineptiunt
1023 1896 1088 1951 libri
1103 1898 1136 1952 in
1149 1902 1224 1974 qui-

182 1991 236 2046 bus
255 2000 296 2046 est
317 1991 372 2046 hoc
391 2009 451 2065 ego.
464 1989 559 2067 [Legit
575 2001 652 2046 recte
666 2015 678 2040 a
690 1990 763 2045 liure
784 2009 854 2065 ego,
872 2013 883 2039 υ
902 1989 984 2063 quod
1002 2000 1042 2045 est
1060 1989 1090 2043 in
1103 1993 1228 2070 multis]

181 2085 254 2139 Nam
268 2083 361 2138 videri
373 2084 434 2138 vult
450 2102 509 2138 sese
523 2083 693 2139 interemisse
707 2084 838 2159 Tydeum
852 2096 879 2139 et
895 2103 924 2139 se
938 2101 991 2157 pro
1002 2081 1062 2154 ejus
1075 2083 1228 2142 homicida

182 2175 265 2251 gerit.
282 2177 316 2230 ln
332 2187 392 2248 opt.
413 2175 513 2230 eadem
526 2174 664 2231 sententia
683 2177 756 2231 clare
770 2176 872 2251 legitur
891 2197 897 2228 :
916 2178 994 2230 velut
1010 2194 1030 2228 a
1043 2192 1087 2228 mc
1100 2176 1225 2248 intefi-

182 2277 265 2319 ctum.
277 2289 292 2315 n
307 2268 416 2321 Bene.

227 2358 329 2428 Qualis
345 2369 374 2411 et
386 2375 450 2411 ecce
457 2357 542 2424 jaces
556 2358 593 2428 (v.
609 2356 677 2429 69)t
691 2360 767 2431 Lege
786 2378 821 2413 ex
838 2360 891 2412 ΜΒ
909 2378 916 2410 :
931 2381 946 2406 e
956 2356 1056 2425 Qualia
1072 2369 1105 2411 at
1117 2376 1142 2413 e.
1161 2383 1174 2407 ι

223 2461 338 2532 Letique
350 2461 482 2513 ammosa
495 2461 627 2512 voluntas
641 2457 678 2533 (v.
695 2459 752 2535 80).
764 2462 888 2533 «Longe
902 2459 1055 2531 elegantius
1069 2464 1153 2532 quod
1164 2484 1227 2538 op.

183 2555 255 2608 timae
275 2550 391 2624 aliaeque
407 2551 577 2606 membranae
591 2551 713 2621 habeut,
727 2554 869 2626 voluptas.
888 2550 1022 2604 ibina.

223 2647 309 2703 Elicit
321 2645 434 2700 liceum
447 2641 485 2719 (v.
499 2642 558 2721 95).
568 2646 622 2700 ΜΒ
632 2664 639 2698 t
650 2643 732 2714 ejicit,
747 2643 937 2719 probantibus
944 2644 1067 2698 Bernart.
1083 2652 1112 2697 et
1121 2645 1225 2704 tuti,

224 2753 268 2807 Ne
283 2770 338 2806 non
350 2770 427 2805 moer.
442 2749 479 2826 (v.
494 2749 552 2826 99).
569 2751 698 2806 Bai-thius
714 2770 730 2806 e
743 2750 866 2826 vestigiis
880 2751 934 2805 ΜΒ
948 2759 976 2803 et
989 2746 1109 2804 aliorum
1125 2753 1223 2809 eruit:

184 2868 196 2891 «ι
217 2845 287 2898 Vere
302 2842 356 2918 (rel
371 2840 448 2918 vem)
461 2861 541 2897 moer.
553 2867 565 2889 »
580 2845 679 2898 Glossa
694 2865 700 2898 :
717 2868 732 2894 α
742 2844 771 2897 in
784 2843 900 2896 veritate
909 2841 1138 2914 lacrymanda„

229 2937 362 2991 Obversus
376 2938 481 2990 cunctis
490 2935 604 3009 profert
617 2935 656 3012 (v.
671 2933 746 3012 ιη).
761 2933 891 2990 Heinsius
900 2935 942 2987 ad
956 2934 1005 2990 Sil.
1018 2937 1121 3004 lc,1v,
1141 2943 1194 3004 144
1213 2961 1221 2992 :

186 3029 305 3082 «cuneis
320 3045 364 3099 pr.
375 3050 387 3074 a

225 3118 333 3192 Corpus
357 3129 437 3173 amat
460 3117 504 3192 (x.
529 3127 582 3187 ιιι,
592 3119 611 3195 )
639 3144 653 3168 α
662 3118 736 3172 Dicit
761 3117 881 3171 cadaver
905 3118 996 3190 Tydei
1023 3135 1129 3172 summe
1151 3138 1221 3175 cura

186 3211 360 3267 custoditum
382 3213 417 3267 ab
443 3212 681 3285 Hippomedonte.
699 3233 714 3258 n
737 3212 836 3265 Guoss.
861 3211 984 3278 Quidam
1005 3211 1088 3266 codd.
1113 3231 1120 3263 ε
1144 3214 1217 3268 adit.

183 3302 294 3358 Deinde
315 3302 349 3356 ad
359 3303 486 3374 prditum
496 3302 583 3374 joeda
598 3305 673 3356 Lact.
690 3321 696 3352 :
712 3325 724 3349 «ι
736 3302 765 3355 in
779 3303 872 3376 primo
887 3302 961 3357 enin
974 3314 1058 3374 partu
1072 3302 1163 3373 major
1177 3317 1219 3358 est

184 3395 297 3449 effectio
317 3394 408 3448 loetus.
419 3417 434 3442 »

224 3483 445 3559 Turbasubit(v.
465 3483 537 3561 123).
556 3486 623 3552 ΜΒ,
637 3486 672 3537 al.
691 3503 698 3536 :
720 3487 838 3554 Τιιηηα,
852 3489 934 3561 quod
947 3508 1044 3544 verum
1054 3488 1175 3544 videtur.

222 3577 358 3630 Retexens
373 3575 410 3651 (v.
429 3575 502 3651 148).
521 3575 603 3630 Multi
622 3577 706 3632 codd.
725 3598 731 3631 :
747 3597 907 3648 recensens,
919 3581 999 3654 quod
1014 3581 1153 3635 immerito
1161 3581 1217 3637 de-

183 3667 271 3723 fendit
286 3669 373 3721 Gron.
384 3697 423 3708 —
435 3670 501 3739 Seq.
518 3687 543 3720 v.
560 3668 613 3720 ΜΒ
635 3686 642 3721 :
657 3670 759 3724 «subit
773 3672 860 3726 circite
876 3692 1007 3746 campos,
1024 3697 1035 3722 υ
1050 3674 1116 3728 sort.
1132 3692 1218 3744 vere,

183 3759 265 3814 etiam
281 3759 318 3814 ob
333 3757 530 3829 repetitionem
547 3776 631 3813 versu
648 3758 702 3815 152
722 3763 846 3836 :inpius
864 3765 945 3838 igme.
962 3767 995 3819 ln
1014 3783 1073 3838 quo
1087 3784 1114 3818 v.
1137 3765 1217 3821 idem

189 3854 288 3924 Hylam
302 3868 356 3923 pro
374 3850 476 3921 Halyn.

225 3947 255 3998 Is
270 3944 348 3998 nobis
361 3953 448 3998 metus
458 3939 495 4019 (v.
516 3941 590 4020 159).
606 3948 659 4001 ΜΒ
674 3968 680 4001 :
697 3950 784 4004 vobis.
797 3951 831 4005 Et
846 3970 872 4004 v.
891 3949 943 4019 167
965 3969 970 4002 :
996 3968 1034 4002 an
1053 3950 1143 4014 vilior,
1161 3968 1217 4022 pro

190 4050 218 4092 et
231 4039 318 4093 vilior.
