2774 5256
306 433 344 488 90
620 408 830 465 rnnnnnos
851 405 963 461 nunu
976 402 1040 458 vu.
1257 401 1297 463 (v.
1311 398 1364 459 aa.)

307 540 485 604 Terrarum
503 535 625 601 exuviae
645 535 784 618 circum,
802 545 835 598 et
850 529 977 622 fastigia
996 523 1108 618 templi

306 656 419 747 Captae
438 651 639 745 insignibant
658 665 787 744 gentes,
805 647 982 739 caelataque
998 643 1085 711 ferro

188 853 191 861 .
307 772 482 865 Fragmina
503 786 697 864 portarum,
723 767 971 859 bellatricesque
988 763 1127 847 carinae,

305 894 350 959 Et
367 891 462 957 vacui
478 914 614 975 currus,
631 890 837 982 protritaque
855 885 1007 954 curribus
1026 906 1100 974 ora,

306 1014 401 1078 Paene
416 1010 515 1077 etiarn
532 1010 691 1102 gemitus;
708 1007 790 1076 adeo
809 1006 996 1090 insomnis,
1018 1018 1051 1071 et
1066 1026 1167 1070 omne

307 1125 451 1198 Vulnus!
472 1129 596 1221 ubique
613 1130 737 1221 ipsum,
755 1127 813 1196 sed
830 1151 899 1194 uon
915 1147 1053 1218 usquam
1071 1146 1128 1192 ore
1145 1122 1297 1191 remisso

307 1252 452 1317 Cernere
471 1262 542 1315 erat
558 1273 565 1314 :
582 1245 681 1315 talem
701 1246 813 1314 divina
830 1243 995 1314 Mulciber
1013 1257 1082 1311 arte

307 1366 466 1437 Ediderat
482 1391 490 1434 ε
507 1365 657 1435 nondum
675 1365 995 1452 radiismonstratus
1011 1361 1139 1433 adulter

306 1486 405 1556 Foeda
424 1500 576 1555 catenato
594 1484 699 1554 luerat
716 1485 885 1554 connubia
904 1482 1001 1552 lecto.

355 1608 512 1694 Quaerere
532 1601 730 1696 templorum
751 1627 861 1697 regem
882 1604 936 1670 vix
955 1616 1099 1696 coeperat
1115 1600 1184 1673 eles

307 1723 498 1810 Maenalius,
519 1724 628 1791 trennt
644 1747 720 1790 ecce
737 1721 864 1808 solum,
884 1738 917 1791 et
933 1725 1063 1816 mugire
1079 1720 1235 1794 refractis

308 1845 469 1937 Corniger
487 1842 617 1911 Hebrus
633 1843 727 1935 aquis
743 1868 751 1910 :
765 1856 844 1911 tunc
859 1842 950 1935 quod
971 1867 1071 1936 pecus
1087 1839 1168 1911 utile
1183 1840 1291 1913 bellio

307 1962 436 2034 Vallem
451 1962 642 2051 infestabat,
662 1962 807 2057 trepidas
822 1987 974 2056 spumare
992 1987 1053 2056 per
1065 1959 1204 2048 herbae,

307 2086 406 2178 Signa
425 2082 653 2171 adventantis;
671 2083 855 2176 clausaque
873 2082 1047 2152 adamante
1064 2083 1207 2176 perenni

306 2203 486 2275 Dissiluere
504 2204 591 2274 sores
609 2229 617 2272 t
634 2209 789 2297 Hyrcano
807 2205 841 2273 in
858 2205 1018 2298 sauguine
1034 2202 1175 2296 pulcher

306 2326 379 2416 lpse
398 2323 487 2390 subit
506 2348 623 2409 curm,
642 2323 781 2416 diraque
798 2324 994 2418 adspergine
1011 2323 1094 2392 latos

284 2463 285 2467 ’
306 2444 413 2512 Mutat
430 2465 527 2536 agros
542 2466 551 2509 t
566 2431 671 2534 spolia
688 2467 709 2510 a
727 2457 834 2536 tergo,
853 2444 1034 2537 flentesque
1049 2458 1202 2513 catervae.

306 2567 395 2633 Dant
414 2561 519 2648 silvae,
539 2563 661 2654 nixque
674 2561 740 2629 alta
757 2561 890 2632 locum:
910 2566 995 2658 regit
1012 2579 1083 2632 atra
1098 2563 1233 2659 jugales

306 2687 494 2777 Sanguiuea
513 2682 648 2752 Bellona
666 2708 785 2771 mauu,
802 2684 967 2781 longaque
986 2686 1103 2780 fatigat

307 2802 451 2898 Cuspide
469 2829 476 2870 ε
493 2803 632 2897 diriguit
647 2807 719 2874 visu
737 2805 885 2900 Cyllenia
903 2806 1030 2900 proles,

307 2924 531 3016 Submisitque
549 2949 648 3017 genas
668 2926 754 3018 :ipsi
774 2929 956 2995 reverentia
975 2929 1084 3021 patri,

306 3045 338 3110 si
356 3067 460 3137 prope
477 3045 539 3129 sit,
556 3043 732 3138 dematque
751 3049 873 3134 minas,
893 3072 954 3116 nec
972 3047 1051 3116 talia
1067 3046 1218 3119 mandet.

355 3163 480 3250 «Quod
490 3165 580 3233 Jovis
595 3166 791 3260 imperium?
804 3192 925 3261 magno
939 3168 1020 3260 quid
1032 3168 1074 3237 ab
1085 3169 1210 3239 aethere
1216 3169 1349 3264 portas?

308 3285 449 3370 Occupat
461 3287 679 3374 Armipotens:
693 3292 884 3378 nequeenim
896 3289 999 3375 bunc,
1013 3314 1175 3373 germane,
1185 3292 1248 3358 suh
1260 3314 1351 3359 axem

307 3400 430 3492 Sponte
448 3400 557 3490 venis,
575 3401 765 3498 hiemesque
782 3430 890 3494 meas,
909 3408 963 3476 eui
981 3407 1111 3477 roscida
1125 3408 1225 3501 juxta

306 3519 465 3607 Maenala,
483 3535 517 3588 et
533 3523 637 3592 cestim
654 3523 847 3595 clementior
862 3552 941 3596 aura
959 3531 1107 3622 Lycaei.»

355 3636 414 3707 llle
431 3639 533 3710 refert
549 3642 699 3714 consulta
716 3647 820 3739 patris
835 3673 845 3714 t
861 3673 921 3716 nec
941 3647 1040 3743 longa
1057 3665 1226 3737 moratus,

308 3760 400 3828 Sicut
418 3760 617 3831 anhelabant
631 3764 748 3857 juncto
765 3767 887 3836 sudore
905 3766 1053 3838 volantes

308 3879 399 3950 Mars
417 3878 557 3972 impellit
572 3907 692 3976 equos,
710 3886 896 3981 residesque
917 3890 951 3957 in
966 3888 1083 3983 proelia
1101 3891 1228 3961 Graios

309 3997 383 4090 Ipse
402 3998 501 4068 etiam
519 4001 695 4096 indignans
714 4031 722 4074 :
739 4007 823 4075 vidit
838 4023 934 4103 pater
950 4008 1050 4099 altus,
1070 4025 1105 4080 et
1117 4011 1168 4080 ira
