2812 5258
108 425 218 490 (vast.)
428 430 638 487 THEBAIDOS
658 433 765 486 LIBER
785 434 807 487 1.
1075 447 1127 499 ¹77

107 551 269 622 Scandere
287 555 366 645 quin
386 554 484 621 etiam
503 553 663 621 thalamos
682 554 736 622 hic
756 556 876 649 impius
892 555 985 623 heres

106 673 232 757 Patris,
253 686 285 738 et
302 673 473 739 immeritae
490 673 651 763 gremium
667 674 827 741 incestare
845 675 989 766 parentis

106 791 268 883 Appetiit,
285 791 437 884 proprios
456 805 604 858 monstro
624 790 791 860 revolutus
810 793 845 859 in
866 807 966 860 ortus.

106 908 165 975 llle
185 923 291 977 tamen
313 909 447 1001 Superis
464 923 584 976 aeterna
603 909 731 1003 piacula
748 909 863 997 solvit,

107 1028 313 1120 Projecitque
334 1026 444 1095 diem:
462 1052 522 1096 uec
539 1029 606 1120 jam
628 1028 766 1121 amplius
784 1029 903 1096 aethere
921 1045 1034 1099 nostro

108 1147 270 1232 Vescitur,
288 1161 322 1214 at
339 1148 425 1232 nati,
444 1146 569 1214 facinus
585 1147 655 1214 sinc
669 1143 778 1215 morel
797 1148 947 1217 cadentes

107 1266 280 1334 Calcavere
296 1264 419 1333 oculos.
435 1269 508 1333 lam
523 1267 591 1358 jam
612 1279 681 1333 rata
699 1280 775 1334 vota
794 1266 915 1350 tulisti,

106 1385 187 1451 Dirc
204 1381 318 1452 senex!
336 1408 484 1453 meruere
504 1399 588 1472 tuae,
607 1409 777 1472 meruere,
793 1387 934 1454 tenebrae
1047 1418 1052 1425 ·

105 1500 256 1571 Ultorem
273 1528 403 1597 sperare
417 1507 542 1572 lovem.
562 1507 657 1573 Nova
673 1504 822 1572 sontibus
841 1528 933 1571 arma

107 1623 254 1714 lnjiciam
272 1625 396 1716 regnis,
418 1638 589 1717 totumque
604 1647 623 1690 a
639 1625 739 1717 stirpe
757 1621 909 1692 revellam

105 1740 244 1808 Exitiale
260 1766 374 1834 genus.
392 1741 473 1810 Belli
491 1742 572 1810 mihi
591 1745 712 1810 semina
730 1756 826 1811 sunto

105 1860 265 1927 Adrastus
282 1884 384 1943 socer,
401 1874 433 1927 et
450 1862 583 1952 Superis
599 1860 753 1955 adjuncta
769 1863 908 1930 sinistris

106 1976 291 2044 Conuubla.
312 1981 406 2044 Hanc
426 1979 525 2044 etiam
544 1978 648 2070 poenis
663 1981 821 2048 incessere
836 1994 968 2073 gentem

106 2097 293 2163 Decretum.
312 2096 429 2188 Neque
446 2097 534 2164 enirn
553 2120 671 2163 arcano
692 2097 732 2164 de
749 2111 880 2189 pectore
896 2096 993 2166 fallax

105 2211 280 2297 Tantalus,
302 2227 334 2281 et
356 2238 448 2282 saevae
464 2215 562 2309 periit
580 2215 700 2306 injuria
720 2238 874 2283 mensae.»

155 2336 210 2402 Sic
227 2349 319 2427 pater
335 2335 554 2427 omnipotens.
572 2337 632 2403 Ast
650 2333 696 2402 illi
714 2337 822 2402 saucia
838 2333 931 2403 dictis

105 2455 287 2524 Flammato
304 2477 436 2522 versans
453 2455 623 2546 inopinum
639 2453 737 2521 corde
753 2452 913 2541 dolorem,

104 2573 196 2641 Talia
212 2576 298 2642 Juuo
318 2570 417 2641 refert
432 2598 468 2640 :r
482 2574 596 2657 Mene,
616 2598 636 2640 o
649 2574 828 2664 justissime
848 2574 988 2659 Divum,

105 2695 159 2759 Me
178 2690 264 2759 bello
284 2706 410 2759 certare
425 2691 541 2784 jubes?
558 2693 619 2759 scis
639 2716 767 2784 semper
787 2706 824 2758 ut
844 2716 934 2758 arces

105 2811 307 2904 Cyclopum,
329 2813 504 2905 magnique
520 2810 708 2879 Phoroneos
724 2808 844 2901 inclyta
860 2808 946 2876 sama

106 2932 241 3023 Sceptra
261 2932 359 3016 viris,
376 2931 561 3023 opibusque
575 2930 706 3020 juvem,
727 2927 802 2996 licet
821 2927 989 3031 improbus
1010 2929 1076 3000 illic

104 3048 281 3118 Custodem
298 3049 442 3134 Phariae,
461 3073 577 3117 somno
598 3047 728 3140 letoque
743 3049 890 3140 juvenca

103 3169 317 3262 Exstinguas,
338 3170 437 3261 septis
453 3182 487 3235 et
504 3166 649 3235 turribus
668 3190 785 3234 aureus
801 3166 913 3233 intres.

104 3289 250 3356 Mentitis
270 3290 404 3382 ignosco
420 3289 500 3355 toris
515 3313 522 3354 :
537 3285 625 3354 illam
641 3286 770 3354 odimus
787 3285 920 3372 urbem,

102 3409 213 3493 Quam
231 3404 325 3474 vultu
340 3407 505 3475 confessus
522 3405 592 3474 adis
607 3431 615 3473 :
631 3405 688 3473 ubi
706 3406 834 3472 conscia
852 3408 962 3498 magni

104 3523 204 3614 Signa
220 3525 302 3606 tori,
323 3527 464 3594 tonitrus
481 3524 568 3620 agis,
585 3540 617 3592 et
637 3548 710 3591 mea
725 3522 862 3591 fulmina
881 3537 1020 3617 torques.

106 3644 201 3708 Facta
220 3641 310 3709 luant
328 3643 469 3713 Thebas:
490 3670 549 3714 cur
566 3646 675 3713 hostes
693 3641 785 3737 eligis
802 3640 927 3734 Argos?

104 3760 196 3844 Quin
213 3785 290 3854 age,
309 3762 336 3828 si
358 3774 447 3828 tauta
467 3779 514 3830 est
532 3763 666 3832 thalami
684 3760 845 3831 discordia
863 3762 982 3846 sancti,

102 3883 144 3947 Et
160 3883 297 3966 Samon,
317 3895 350 3947 et
366 3895 489 3948 veteres
508 3886 605 3951 armis
627 3882 778 3951 exscinde
792 3884 957 3974 Mycenas.

102 4001 202 4068 Verte
217 3999 288 4068 solo
305 4002 456 4094 Sparten.
475 4002 544 4069 Cur
559 4025 698 4094 usquam
715 3999 873 4091 sanguine
889 3995 971 4064 festo

246 4143 267 4187 r.
937 4137 977 4183 ta
