2812 5258
318 419 355 481 31.
671 416 698 467 Ρ.
722 413 841 467 PUBLll
863 413 982 466 STATII

318 537 440 603 amicus
457 535 591 628 ignovit.
609 537 647 600 In
663 534 812 601 arborem
828 547 915 600 certe
936 546 1040 617 tuam,
1055 532 1185 619 Melior,
1204 550 1236 606 et
1257 541 1339 630 psit.

319 667 427 722 tacum
437 704 447 738 ,
466 653 528 718 scis
549 675 568 717 a
588 675 640 718 me
661 648 745 718 leves
761 648 887 717 libellos
902 651 992 741 quasi
1009 652 1251 742 epigrammatis
1266 655 1340 724 loco

318 772 464 862 scriptos.
481 768 627 837 Eandem
645 767 793 861 exigebat
811 765 877 834 stili
895 765 1080 834 facilitatem
1099 771 1166 835 Leo
1182 795 1338 840 mansue·

318 905 386 974 tus,
413 913 511 981 quem
535 890 569 955 in
592 887 832 980 amphitheatro
856 899 1071 976 prostratum,
1091 885 1245 979 frigidum
1268 905 1339 956 erat

316 1009 529 1076 sacratissimo
557 1006 746 1098 imperatori
770 1007 805 1073 ni
823 1005 931 1071 statim
952 1005 1121 1072 traderem.
1143 1005 1195 1074 Ad
1215 1011 1336 1076 Ursum

316 1148 447 1216 quoque
469 1137 633 1210 nostrum,
649 1127 804 1217 juvenem
823 1122 1108 1209 candidissimum,
1131 1139 1163 1194 et
1181 1127 1251 1194 sine
1269 1129 1337 1219 jac-

316 1254 389 1307 tura
401 1240 530 1310 desidiae
543 1241 781 1325 doctissimum,
795 1242 949 1334 scriptam
964 1241 1004 1307 de
1019 1266 1119 1334 puero
1133 1244 1250 1311 amisso
1262 1270 1336 1314 con·

315 1357 522 1443 solationem,
534 1382 694 1451 superea,
709 1383 780 1450 quae
794 1360 854 1450 ipsi
872 1359 990 1444 debeo,
1005 1359 1081 1430 huie
1096 1358 1180 1429 libro
1196 1360 1335 1431 libenter

315 1476 450 1562 inserui,
466 1478 544 1568 quia
559 1477 717 1545 bonorem
733 1476 801 1568 ejus
817 1476 874 1542 tibi
890 1474 1014 1544 laturus
1028 1491 1205 1568 acceptum.
1218 1479 1335 1548 Exclu·

314 1591 363 1658 dit
377 1589 531 1664 volumen
552 1590 788 1659 Genethliacon
804 1594 944 1679 Lucani,
964 1593 1053 1684 quod
1068 1593 1159 1663 Polla
1174 1600 1334 1690 Argenta·

314 1709 363 1777 ria
381 1708 545 1776 carissima
562 1732 716 1791 uxorum,
731 1732 832 1798 quum
850 1708 937 1776 hunc
955 1709 1041 1777 diem
1061 1711 1144 1779 forte
1162 1737 1333 1786 consecra-

314 1848 435 1909 remus,
456 1824 611 1916 impntari
636 1824 697 1890 sibi
722 1822 834 1892 voluit.
865 1828 935 1918 Ego
960 1850 1027 1914 non
1055 1831 1146 1920 potui
1176 1833 1333 1922 majorem

314 1942 395 2010 tanti
419 1943 560 2009 auctoris
581 1941 701 2008 habere
723 1944 959 2030 reverentiam,
984 1969 1082 2034 quam
1110 1947 1198 2038 quod
1222 1946 1334 2018 laudes

312 2061 381 2150 ejus
395 2040 543 2128 dicturus
557 2058 761 2128 hexametros
777 2084 866 2127 meos
880 2062 982 2128 timui.
1002 2065 1079 2128 llaec
1094 2061 1333 2159 qualiacunque

311 2189 406 2258 sunt,
422 2175 542 2244 Melior
555 2179 733 2262 carissime,
747 2181 774 2247 si
787 2180 844 2245 tibi
859 2203 926 2247 non
940 2177 1178 2272 displicuerint,
1193 2207 1213 2251 a
1227 2197 1260 2251 te
1275 2209 1334 2278 pu·

310 2291 431 2362 blicam
449 2295 630 2388 aecipiant3
647 2298 698 2365 sin
712 2297 839 2382 minus,
854 2295 896 2363 ad
914 2321 966 2364 me
982 2311 1199 2368 revertantur.
