2812 5258
232 323 268 360 ao
582 306 612 358 P.
634 305 756 359 PUBLII
777 304 898 359 statu

278 427 368 516 Quid
385 428 487 494 bifera
501 426 628 495 Alcinoi
644 425 774 493 laudern
790 425 962 518 pomaria?
976 448 1114 517 vosque,

232 547 298 634 Qui
315 569 483 638 uunquam
498 546 592 612 vacui
607 543 760 636 prodistis
775 545 809 609 in
824 543 958 628 aethera,
973 542 1076 610 mani?

233 662 362 732 Cedant
373 663 550 756 Telegoni,
564 662 681 731 cedant
696 664 873 730 Laurentia
888 662 993 728 Turni

233 786 368 875 lugere,
382 785 596 874 Lucrinaeque
611 781 742 864 domus,
758 779 899 871 litusque
914 779 1041 846 cruenti

235 902 442 994 Antiphatae:
460 902 577 971 cedant
592 903 700 968 vitrea
710 901 788 992 juga
805 896 928 991 perlida
944 898 1071 981 Circes,

234 1018 394 1087 Dulichiis
409 1019 533 1087 ululata
550 1018 651 1111 lupis,
665 1041 817 1110 amesque
832 1015 964 1108 superbi

236 1139 394 1223 Anxuris,
411 1153 443 1205 et
457 1138 547 1206 sedes
562 1138 705 1231 Phrygio
720 1160 801 1229 quas
814 1136 901 1201 mitis
917 1131 1051 1202 alumno

236 1255 341 1323 Debet
356 1280 437 1324 anus
453 1282 461 1322 ι
478 1256 609 1341 cedant,
626 1279 698 1347 qua
714 1268 760 1339 te,
773 1254 841 1345 jam
856 1250 976 1320 solibus
990 1252 1104 1335 arctis,

238 1375 337 1441 Antia
353 1375 501 1442 nimbosa
517 1374 716 1442 revocabunt
730 1371 828 1439 litora
843 1372 968 1438 bruma.

237 1490 365 1560 Scilicet
380 1494 434 1560 hic
448 1491 496 1559 illi
510 1492 709 1559 meditantur
725 1489 871 1583 pondera
886 1513 991 1556 mores
1007 1514 1016 1554 ε

237 1608 299 1674 Hic
313 1611 472 1700 premitur
488 1608 628 1676 fecunda
641 1610 754 1700 quies,
769 1609 937 1698 virtusque
951 1630 1064 1674 serena
1204 1675 1211 1687 ,

237 1728 358 1792 Fronte
374 1728 497 1819 gravis,
512 1749 673 1818 sanusque
689 1724 798 1809 decor,
813 1722 957 1816 luxuque
970 1737 1114 1793 carentes

238 1840 385 1929 Deliciae,
400 1869 481 1937 quas
497 1846 566 1938 ipse
580 1846 646 1913 suis
662 1844 823 1937 digressus
840 1843 974 1914 Athenis

238 1958 352 2029 Mallet
367 1962 495 2030 deserto
510 1964 619 2030 senior
634 1963 824 2056 Gargettius
839 1962 946 2028 horto.

238 2082 314 2148 Haee
329 2105 388 2173 per
403 2095 436 2149 et
451 2084 566 2175 AEgeas
579 2082 717 2167 hiemes,
733 2079 947 2170 Pliadumque
963 2080 1113 2147 nivosum

238 2198 347 2285 Sidus,
362 2213 394 2266 et
410 2198 537 2268 Oleniis
552 2198 688 2292 dignum
704 2199 833 2290 petiisse
848 2196 908 2264 sub
923 2197 1027 2265 astris.

239 2317 273 2382 Si
287 2315 403 2383 Maleae
418 2316 580 2383 credenda
596 2318 689 2402 ratis,
704 2313 892 2406 Siculosque
906 2339 965 2407 per
979 2329 1075 2383 astus

239 2432 288 2499 Sit
304 2432 374 2519 via,
389 2456 448 2500 cur
462 2431 564 2500 oculis
580 2432 689 2499 sordet
704 2433 811 2500 vicina
827 2430 995 2526 voluptas?

239 2551 301 2617 Hic
316 2564 373 2618 tua
386 2551 539 2618 Tiburtes
555 2554 683 2619 Faunos
697 2549 821 2643 chelys,
836 2565 868 2619 et
881 2553 974 2643 jurat
990 2551 1097 2644 ipsum

241 2667 394 2756 Alciden,
409 2669 597 2761 dictumque
612 2668 682 2762 lyra
696 2671 819 2762 majore
834 2669 990 2738 Catillum
1006 2696 1015 2738 τ

240 2787 303 2852 Seu
320 2787 378 2853 tibi
390 2786 571 2855 Pindaricis
587 2788 714 2855 animus
729 2788 927 2856 contendere
943 2787 1089 2881 plectris,

240 2905 315 2971 Sive
333 2902 448 2996 chelyn
464 2902 559 2973 tollas
574 2906 675 2974 beroa
690 2906 732 2974 ad
747 2907 881 2995 robora,
897 2907 965 2974 sive

239 3021 410 3090 Liventem
424 3023 556 3091 satiram
572 3026 666 3118 nigra
679 3025 829 3119 rubigine
845 3026 954 3094 turbes
970 3051 978 3092 :

241 3141 304 3206 Seu
322 3140 381 3206 tibi
397 3165 463 3209 non
477 3140 542 3210 alia
555 3139 759 3235 splendescat
773 3143 911 3236 epistola
924 3168 1012 3213 cura.

240 3257 348 3348 Digne
360 3257 474 3344 Midae,
490 3261 659 3355 Croesique
675 3263 785 3345 bonis,
801 3275 833 3328 et
847 3262 980 3332 Perside
994 3285 1086 3358 gaza,

152 3355 161 3375 ’
242 3377 351 3442 Macte
364 3376 458 3444 bonis
472 3376 594 3445 animi!
611 3382 703 3472 cujus
718 3381 903 3474 stagnantia
917 3405 995 3449 rura

242 3493 366 3561 Debuit
380 3509 413 3562 et
428 3494 520 3563 flavis
535 3500 676 3565 Hermus
691 3512 912 3566 transcurrere
927 3500 1024 3592 ripis,

242 3612 283 3677 Et
297 3608 377 3678 limo
391 3609 583 3704 splendente
596 3615 714 3708 Tagus.
732 3618 785 3685 Sic
799 3616 894 3684 docta
908 3617 1091 3710 frequentes

242 3729 339 3814 Otia3
353 3729 399 3797 sie
415 3730 506 3797 omni
520 3730 665 3798 detersus
678 3748 812 3825 pectora
826 3733 914 3801 nube

242 3848 355 3916 Finem
370 3849 536 3918 Nestoreae
572 3874 664 3916 recor
680 3853 846 3945 egrediare
861 3851 1009 3923 senectae!
