2812 5258
194 384 246 442 132
486 386 695 442 THEBAIDOS
716 386 824 441 LIBER
845 384 925 442 vllt.
1118 389 1150 449 (r.
1162 390 1233 453 475.)

240 510 321 577 Inde
338 509 428 578 velut
444 512 550 603 primo
569 511 663 604 tigris
679 512 791 602 gavisa
807 533 925 577 cruore

189 633 253 697 Per
272 645 376 698 totum
394 632 485 722 cupit
503 631 551 697 ire
570 655 687 723 pecus;
709 631 757 698 sic
775 633 985 714 Aonasaxo,

189 753 277 816 Ense
294 748 453 834 Pholum,
472 750 634 817 Chromin
651 772 748 834 ense,
766 748 850 815 duos
868 747 1067 817 Helicaonas
1086 752 1180 820 hasta

189 870 371 961 Transigit,
393 872 501 962 AEgeae
522 870 660 938 Veneris
681 893 764 960 quos
785 871 893 935 Maera
908 869 1061 937 sacerdos

188 987 361 1074 Ediderat,
383 988 578 1082 prohibente
596 992 667 1056 Dea
686 1015 693 1054 :
715 1013 772 1054 vos
791 987 901 1079 praeda
920 993 1045 1056 cruenti

188 1107 315 1199 Tydeos
335 1134 342 1174 :
361 1110 387 1174 it
405 1132 506 1174 saevas
525 1110 706 1175 etiamnum
726 1122 830 1174 mater
849 1107 891 1174 ad
912 1133 995 1176 aras.

236 1229 306 1295 Nec
324 1229 433 1295 minus
450 1225 650 1295 Herculeum
669 1241 785 1294 contra
803 1251 907 1320 vagus
927 1231 1085 1295 Haemona
1107 1229 1196 1298 ducit

189 1347 330 1439 Sanguis
348 1372 355 1413 :
375 1344 539 1439 inexpleto
556 1347 685 1439 rapitur
700 1370 760 1439 per
775 1344 879 1413 millia
896 1346 1001 1432 ferro,

189 1469 287 1534 Nunc
307 1462 438 1534 tumidae
455 1463 634 1556 Calydonis
651 1488 752 1558 opes,
772 1489 861 1533 nunc
880 1480 974 1535 torva
993 1465 1129 1558 Pylenes

187 1587 346 1677 Agmina,
365 1608 453 1650 nnnc
471 1597 592 1650 moestae
608 1581 747 1650 fundens
763 1583 936 1652 Pleuronis
953 1583 1102 1653 alumnos
1121 1614 1127 1652 :

187 1709 302 1772 Donec
322 1705 356 1770 in
377 1701 533 1772 Olenium
551 1703 636 1771 fessa
653 1704 722 1796 jam
738 1703 880 1799 cuspide
897 1710 1005 1773 Buten

187 1823 332 1889 Incidit:
352 1822 441 1889 hune
460 1824 576 1890 turmis
596 1823 787 1909 obversum,
805 1839 838 1892 et
854 1826 944 1892 abire
960 1840 1125 1893 vetantem

186 1942 387 2035 Aggreditur
406 1968 413 2008 :
432 1966 516 2035 puer
532 1941 603 2026 ille,
625 1968 724 2036 puer,
745 1941 914 2037 malasque
933 1969 1126 2037 comamque

187 2064 337 2155 Integer,
360 2064 475 2155 ignaro
496 2063 549 2130 cui
568 2076 646 2130 tunc
663 2063 822 2131 Thebana
842 2064 994 2159 bipennis

186 2185 225 2248 ln
248 2181 372 2274 galeam
393 2180 512 2248 librata
530 2182 649 2250 venit:
673 2182 846 2251 finduntur
864 2187 1029 2276 utrimque

187 2304 370 2393 Tempora,
392 2299 585 2391 dividuique
605 2301 730 2370 cadunt
747 2305 781 2370 in
800 2303 934 2370 brachia
952 2303 1075 2385 crines,

187 2424 229 2488 Et
246 2445 313 2487 non
333 2421 396 2491 hoc
415 2434 563 2487 metuens
583 2422 719 2515 inopino
736 2420 839 2490 limite
857 2423 924 2488 vita

188 2539 355 2607 Exsiluit:
379 2555 456 2607 tunc
475 2538 598 2608 flavum
619 2541 790 2634 Hypanin,
811 2539 997 2630 flavumque
1015 2535 1141 2604 Politen

183 2657 367 2754 (Illcgenas
381 2658 523 2748 Phoebo,
542 2661 668 2727 crinem
686 2659 739 2728 hic
759 2658 911 2752 pascebat
931 2657 1048 2724 laccho
1067 2684 1074 2722 ε

187 2781 296 2845 Saevus
315 2792 453 2869 uterque
471 2776 611 2871 Deus),
626 2778 719 2846 victis
737 2781 949 2870 Hyperenora
964 2777 1075 2869 jungit

187 2899 459 2989 Conversumque
478 2897 557 2990 fuga
578 2901 757 2966 Damasum
778 2922 785 2962 :
803 2896 859 2963 sed
876 2895 966 2989 lapsa
985 2921 1044 2989 per
1063 2921 1171 2963 arnros

186 3021 289 3083 Hasta
307 3019 368 3083 viri
389 3032 479 3084 trans
498 3031 613 3109 pectus
632 3017 719 3100 abit,
736 3039 950 3107 parmamque
969 3019 1089 3083 tenenti

186 3138 337 3221 Excutit,
357 3151 390 3204 et
407 3162 534 3204 summa
552 3136 679 3229 fugiens
698 3137 732 3201 in
751 3135 885 3227 cuspide
906 3150 1025 3228 portat.

236 3260 404 3324 Sterneret
421 3256 573 3323 adversos
590 3241 769 3321 etiamnum
789 3256 949 3329 Ismenius
967 3259 1102 3321 Haemon

185 3375 359 3443 Inachidas
377 3374 478 3467 (nam
495 3372 560 3440 tela
579 3373 683 3463 regit,
703 3373 852 3465 viresque
871 3376 1032 3441 ministrat

185 3490 494 3587 Amphitryoniades
504 3492 516 3582 )
526 3541 535 3575 ,
545 3515 675 3557 saevum
693 3491 748 3558 sed
764 3493 876 3584 Tydea
892 3507 1006 3559 contra

184 3613 291 3682 Pallas
309 3614 377 3703 agit
395 3635 401 3674 :
416 3611 550 3700 jamque
567 3608 705 3678 adverso
724 3636 842 3678 venere
858 3611 969 3679 favore

183 3732 360 3811 Cominus,
378 3740 410 3794 et
429 3725 557 3818 placido
578 3730 671 3821 prior
688 3730 756 3796 haec
774 3730 1041 3822 Tirynthiusore
1062 3758 1069 3796 ε

230 3846 339 3914 «Fida
357 3868 468 3930 soror,
488 3871 640 3937 quaenam
661 3849 749 3915 hunc
769 3847 845 3915 belli
867 3848 1006 3942 caligine
1027 3850 1119 3917 nobis

181 3975 404 4061 Congressum
423 3968 569 4037 Fortuna
591 3966 687 4035 tulit?
705 3993 784 4034 num
805 3970 894 4061 regia
914 3972 999 4035 Juno
