2812 5258
277 499 334 569 ηε
576 494 827 550 lenissumus
849 494 958 549 mnan
981 495 1001 547 ι.
1198 494 1316 555 (ason,

278 627 320 691 Et
337 642 457 715 magno
473 620 601 713 genitus
618 617 817 706 Telamone,
834 619 983 711 Ajaxque
999 614 1182 700 secundus,

277 745 347 812 Nes
362 764 494 833 quoque
510 764 518 806 :
535 737 594 806 sed
609 741 747 807 Mavors
765 736 969 832 abreptaque
986 737 1087 829 Troja
1108 736 1314 828 prebebunt.

276 861 395 945 Illum,
413 857 591 953 neglectis,
606 857 708 951 pudet
727 854 810 927 heu!
830 857 1044 941 ductoribus,
1061 880 1177 923 omnes

278 978 476 1075 Belligerum
494 1002 555 1045 ceu
575 1002 698 1045 numen
714 992 828 1045 amant
847 1002 855 1044 :
875 976 929 1047 die
945 976 1037 1044 ocius
1053 974 1128 1069 (aut
1144 999 1209 1043 cur

277 1102 370 1168 serra
390 1098 494 1167 comis
510 1110 543 1165 et
558 1096 647 1164 mitis
663 1094 816 1186 hennei)
831 1095 952 1188 quibus
971 1092 1102 1162 abditus
1117 1095 1207 1180 oris,

276 1220 396 1307 Quave
411 1215 508 1309 jubes
523 1213 641 1283 tellure
660 1216 726 1308 peti
744 1240 752 1282 ε
773 1239 849 1283 nam
867 1214 971 1298 sams,
990 1200 1053 1281 nec
1068 1214 1173 1280 antris

278 1337 448 1421 Chironis,
466 1336 575 1428 patria
592 1358 652 1402 nec
667 1332 787 1428 degere
805 1333 921 1402 Peleos
938 1332 1024 1401 auls.

278 1457 353 1541 Eia,
371 1456 518 1548 irrumpe
535 1457 640 1539 Deos,
658 1467 693 1522 et
711 1452 779 1521 lata
796 1451 929 1522 latentia
947 1453 1037 1538 laxs,

278 1576 540 1668 laurigerosque
558 1574 666 1666 ignes,
685 1572 712 1639 si
732 1571 882 1664 quando,
896 1571 1104 1642 avidissimus
1125 1573 1249 1642 hauri:

277 1705 378 1764 Arma
396 1692 562 1764 horrenda
578 1694 638 1761 tibi
656 1716 823 1785 serosque
842 1694 1029 1762 remisimus
1042 1718 1146 1763 enses.

278 1817 457 1908 Nunquam
474 1813 533 1881 has
553 1809 702 1881 imbelles
715 1811 809 1906 galea
824 1810 990 1881 violabere
1005 1815 1104 1882 vittas
1125 1840 1133 1882 :
1242 1891 1245 1894 ,

277 1936 329 2003 Sis
345 1933 439 2019 felin,
456 1955 658 2025 numemque
675 1932 797 2001 ducum
814 1933 1023 2025 prestantior
1039 1935 1148 2020 omni,

276 2053 311 2121 Si
333 2076 489 2146 maguum
505 2052 629 2120 Danais
650 2076 709 2144 per
725 2067 759 2119 te
776 2052 945 2145 portendis
960 2051 1132 2121 Achillem.
1151 2082 1168 2117 s

324 2167 523 2238 iamdudum
541 2167 672 2262 trepido
690 2170 881 2240 circumfert
897 2169 1024 2240 lumina
1041 2186 1153 2258 metu,

277 2292 523 2381 latrantemque
540 2290 648 2357 Deum
666 2291 775 2380 primo
792 2287 921 2382 pallore
940 2291 1062 2360 latetur

274 2406 484 2479 Thestorides
499 2430 508 2476 ε
523 2430 602 2493 mox
623 2407 700 2499 igne
717 2430 819 2500 genas
833 2423 868 2477 et
884 2411 1044 2503 sanguine
1062 2424 1224 2500 torquens

274 2531 346 2599 Nee
365 2526 484 2612 socios,
501 2547 563 2593 nec
576 2538 682 2593 castra
697 2522 806 2612 videt,
820 2525 879 2594 sed
892 2550 996 2596 cecus
1012 2541 1047 2595 et
1063 2551 1178 2595 amens

275 2650 373 2717 Nunc
391 2646 554 2738 Superum
571 2668 709 2739 magnos
728 2643 902 2739 deprendit
916 2647 950 2716 in
969 2646 1088 2716 ethere
1103 2661 1228 2735 eoetus,

275 2770 376 2837 Nunc
394 2789 487 2859 sagas
504 2763 626 2834 aletur
644 2789 735 2853 aves,
752 2791 842 2836 nunc
858 2767 930 2836 dira
948 2790 1101 2835 summm

275 2886 382 2968 Licin,
400 2884 576 2953 thuriferas
597 2883 697 2954 modo
716 2885 859 2956 consulit
876 2887 993 2954 auxius
1012 2911 1103 2975 aras,

274 3002 562 3096 Flammarumque
580 3004 689 3096 apices
708 3005 809 3098 rapit,
827 3017 859 3071 et
877 3003 1019 3100 caligine
1039 3034 1133 3078 sacra

276 3125 424 3194 Pascitur
445 3149 452 3190 :
474 3122 630 3193 exsiliunt
648 3125 769 3203 crines,
786 3122 965 3218 rigidisque
987 3125 1115 3198 laborat

275 3246 367 3312 Vitta
388 3244 505 3330 comis,
525 3267 583 3311 nec
600 3239 684 3310 colla
701 3239 789 3327 loeo,
809 3266 870 3311 nee
889 3244 923 3311 in
942 3245 1058 3316 ordine
1077 3273 1216 3343 gressus.

322 3361 470 3430 Tandem
480 3362 569 3430 sessa
586 3374 727 3429 tremens
748 3357 855 3455 longis
873 3366 1053 3459 mugitibus
1068 3393 1126 3436 ora

275 3480 397 3565 Solvit,
417 3496 450 3548 et
466 3480 654 3573 oppositum
674 3502 738 3546 vox
757 3478 899 3551 eluctata
918 3482 1063 3554 furorem
1080 3474 1129 3555 est
1150 3514 1158 3555 :

322 3630 337 3661 ι(
355 3602 433 3686 Quo
447 3600 535 3690 rapis
553 3598 717 3690 ingentem
735 3601 846 3693 magni
865 3603 1019 3674 Chironis
1035 3604 1206 3675 alumnum

273 3719 452 3798 Femineis,
469 3714 582 3800 Nerei,
597 3713 704 3785 dolis?
723 3718 788 3787 huc
804 3721 898 3794 mitte
918 3749 925 3789 :
948 3724 1027 3816 quid
1045 3726 1176 3796 aufers?

273 3842 350 3908 Non
369 3835 476 3930 patiar
496 3859 504 3900 ε
526 3859 618 3903 meus
635 3837 709 3923 iste,
730 3862 823 3907 meus
845 3866 853 3907 :
872 3856 908 3909 tu
924 3840 1001 3911 diva
1018 3845 1190 3936 profundi,
1215 3855 1218 3860 ’

273 3962 317 4027 Et
329 3982 381 4025 me
397 3953 540 4024 Phoebus
555 3955 624 4050 agit
638 3981 646 4022 ε
661 3953 796 4025 latebris
813 3960 934 4051 quibus
948 3960 1068 4032 addere
1088 3978 1193 4033 tentas

274 4082 469 4146 Eversorem
486 4074 591 4145 Asis?
609 4074 705 4145 video
725 4070 785 4184 per
803 4077 961 4169 Cycladas
977 4080 1059 4151 altas
