2812 5258
188 434 223 502 46
534 432 563 486 P.
586 429 706 484 PUBLII
727 428 845 483 STATII
1136 443 1221 497 (ase.)

188 563 263 627 Haec
282 554 388 649 pelagi
407 552 549 622 clamore
566 553 727 637 fremunt;
744 551 813 619 haec
832 562 917 618 tacta
934 573 1070 618 sonoros

187 679 345 769 Ignorant
361 672 493 757 fluctus,
516 685 674 762 terraeque
694 666 822 737 silentia
839 666 978 736 malunt.

233 792 292 860 His
312 791 391 858 favit
410 792 538 859 Natura
553 786 633 855 locis
652 813 659 854 :
681 788 735 855 hic
753 788 855 873 victa,
875 784 997 854 colenti

186 911 306 995 Cessit,
326 922 358 975 et
375 910 504 1000 ignotos
524 903 637 973 docilis
652 906 836 973 mansuevit
852 906 886 971 in
907 928 995 974 usus.

186 1030 283 1095 Mons
301 1039 370 1093 crat
388 1026 457 1111 hic,
476 1024 532 1091 ubi
547 1020 645 1116 plana
662 1022 778 1090 vides:
799 1023 866 1090 haec
886 1021 989 1091 lustra
1009 1021 1165 1109 fuerunt,

187 1145 271 1232 Quae
284 1167 373 1210 nunc
392 1155 478 1210 tecta
496 1142 584 1209 subis
605 1165 612 1207 :
636 1140 691 1207 ubi
708 1163 797 1207 nunc
816 1163 950 1208 nemora
969 1131 1073 1208 ardua
1088 1141 1213 1227 cernis,

186 1264 248 1330 Hic
267 1286 327 1329 nec
346 1274 433 1328 terra
451 1260 513 1327 suit
533 1284 541 1326 :
563 1258 691 1327 domuit
705 1281 880 1352 possessor,
900 1270 934 1324 et
952 1254 1045 1325 illum

185 1382 393 1447 Formantem
411 1402 530 1471 rupes,
546 1390 854 1471 expugnantemque
867 1388 978 1443 secuta

186 1497 318 1566 Gaudet
331 1498 459 1564 humus.
477 1497 574 1564 Nunc
593 1520 689 1563 cerne
700 1496 817 1589 jugum
835 1493 991 1562 discentia
1007 1516 1102 1579 saxa,

185 1618 415 1705 Intrantesquc
430 1613 559 1698 domos,
576 1613 767 1705 jussumque
785 1611 937 1680 recedere
950 1624 1110 1680 montem.

184 1735 256 1800 Iam
272 1732 483 1824 Methymnaei
501 1731 585 1797 vatis
604 1753 741 1815 manus,
761 1743 794 1797 et
810 1727 920 1822 chelys
938 1753 1006 1798 una

184 1849 339 1935 Thebais,
355 1861 388 1917 et
403 1849 511 1916 Getici
528 1847 623 1916 cedat
638 1847 697 1915 tihi
713 1845 816 1940 gloria
834 1846 960 1940 plectri.

183 1972 226 2037 Et
246 1981 281 2034 tu
297 1991 373 2035 saxa
393 1990 518 2051 moves,
538 1980 572 2034 et
591 1979 622 2033 te
639 1989 774 2033 nemora
791 1963 857 2033 alta
877 1979 1067 2058 sequuntur.

231 2084 322 2174 Quid
339 2084 478 2152 referam
498 2096 622 2151 veteres
637 2107 783 2175 ceraeque
796 2083 933 2176 acrisque
952 2082 1100 2178 figuras?

183 2202 313 2295 Siquid
334 2199 460 2295 Apellei
479 2200 624 2294 gaudent
639 2201 798 2269 animasse
815 2198 956 2285 colores;

184 2323 218 2390 Si
238 2321 318 2413 quid
332 2321 440 2389 adhuc
454 2344 558 2388 vacua
574 2333 683 2388 tamen
698 2317 888 2387 admirabile
905 2321 980 2388 Pisa
1044 2321 1049 2329 “

182 2440 344 2509 Phidiacae
361 2463 470 2507 rasere
490 2463 606 2507 manus
626 2464 634 2506 :
655 2439 745 2531 quod
764 2441 805 2508 ab
825 2454 895 2508 arte
914 2441 1080 2534 Myronis,

93 2618 95 2622 Α
184 2560 251 2626 Aut
271 2555 464 2650 Polycleteo
480 2557 606 2648 jussum
622 2571 669 2625 est
685 2558 774 2650 quod
792 2560 902 2627 vivere
919 2557 1015 2646 coelo,

183 2677 324 2768 AEraque
342 2674 383 2741 ab
397 2674 580 2743 Isthmiacis
600 2698 681 2743 auro
700 2678 830 2770 potiora
847 2676 981 2764 favillis3

183 2798 253 2864 Ora
271 2795 411 2880 ducum,
426 2808 459 2862 et
476 2809 603 2881 vatum,
620 2797 871 2891 sapientumque
886 2822 946 2867 ora
964 2799 1132 2892 priorum,

182 2917 275 3002 Quos
293 2915 351 2982 tibi
371 2938 450 2982 cura
465 2915 571 3006 sequi,
589 2938 672 3007 quos
690 2929 759 2984 toto
779 2930 913 3010 pectore
930 2919 1032 2987 sentis

182 3036 306 3124 Expers
327 3033 514 3118 turbarum,
529 3047 627 3125 atque
646 3036 793 3103 animum
813 3036 935 3105 virtute
954 3038 1064 3130 quieta

183 3152 409 3243 Compositus,
429 3175 622 3245 semperque
642 3165 728 3221 tuus.
748 3153 841 3242 Quid
860 3153 950 3223 mille
970 3155 1140 3225 revolvam

182 3266 351 3356 Culmina,
367 3269 558 3363 visendique
576 3270 687 3339 vices?
707 3296 764 3339 sua
784 3274 902 3365 cuique
921 3272 1091 3367 voluptas,

183 3390 292 3478 Atque
309 3390 399 3455 omni
415 3391 586 3482 proprium
599 3388 743 3458 thalamo
756 3416 867 3460 mare:
883 3406 1038 3487 transque
1046 3395 1212 3488 jacentem

182 3507 292 3575 Nerea
309 3505 443 3574 diversis
462 3509 563 3576 servit
576 3533 634 3576 sua
655 3524 742 3579 terra
762 3511 920 3580 fenestris.

182 3622 259 3693 Haec
278 3623 367 3692 videt
385 3625 567 3711 Inarimen,
583 3626 629 3695 illi
647 3630 809 3723 Prochyta
828 3655 943 3725 aspera
962 3645 1056 3725 paret
1076 3659 1086 3700 ε

183 3744 333 3836 Armiger
351 3743 428 3810 hinc
446 3745 556 3838 magni
574 3762 665 3840 patet
682 3752 831 3818 Hectoris
848 3777 856 3819 ε
874 3752 952 3821 inde
968 3750 1156 3844 malignum

183 3863 269 3929 Aera
289 3860 427 3954 respirat
445 3861 560 3957 pelago
580 3867 770 3935 circumflua
788 3871 884 3940 Nesis
902 3897 910 3939 :

181 3978 262 4047 Inde
280 3980 371 4072 vagis
386 4004 484 4048 omen
502 3979 578 4049 felix
593 3983 730 4078 Euploea
746 3989 884 4077 carium,
