<?xml version="1.0" encoding="UTF-8"?>
<!DOCTYPE html PUBLIC "-//W3C//DTD XHTML 1.0 Transitional//EN"
    "http://www.w3.org/TR/xhtml1/DTD/xhtml1-transitional.dtd">
<html xmlns="http://www.w3.org/1999/xhtml" xml:lang="en" lang="en">
 <head>
  <title>
</title>
<meta http-equiv="Content-Type" content="text/html;charset=utf-8" />
  <meta name='ocr-system' content='tesseract 3.04.00' />
  <meta name='ocr-capabilities' content='ocr_page ocr_carea ocr_par ocr_line ocrx_word'/>
</head>
<body>
  <div class='ocr_page' id='page_1' title='image "./publiipapiniist01statgoog_0039.png"; bbox 0 0 2812 5258; ppageno 0'>
   <div class='ocr_carea' id='block_1_1' title="bbox 101 440 1116 536">
    <p class='ocr_par' dir='ltr' id='par_1_1' title="bbox 101 440 1116 536">
     <span class='ocr_line' id='line_1_1' title="bbox 101 440 1116 536; baseline -0.007 -1"><span class='ocrx_word' id='word_1_1' title='bbox 101 484 130 536; x_wconf 60' lang='grc' dir='ltr'>(ν.</span> <span class='ocrx_word' id='word_1_2' title='bbox 141 482 194 532; x_wconf 71' lang='lat'>1⁷0.)</span> <span class='ocrx_word' id='word_1_3' title='bbox 427 468 616 523; x_wconf 81' lang='lat' dir='ltr'>snvnnuu</span> <span class='ocrx_word' id='word_1_4' title='bbox 635 467 742 524; x_wconf 80' lang='lat' dir='ltr'>num</span> <span class='ocrx_word' id='word_1_5' title='bbox 763 471 783 523; x_wconf 91' lang='lat'>1.</span> <span class='ocrx_word' id='word_1_6' title='bbox 972 440 977 451; x_wconf 72' lang='grc'>’</span> <span class='ocrx_word' id='word_1_7' title='bbox 1084 474 1116 529; x_wconf 78' lang='lat' dir='ltr'>n</span> 
     </span>
    </p>
   </div>
   <div class='ocr_carea' id='block_1_2' title="bbox 93 590 1069 4091">
    <p class='ocr_par' dir='ltr' id='par_1_2' title="bbox 100 590 998 684">
     <span class='ocr_line' id='line_1_2' title="bbox 100 590 998 684; baseline 0.004 -26"><span class='ocrx_word' id='word_1_8' title='bbox 100 592 290 684; x_wconf 82' lang='lat' dir='ltr'>Despexisse</span> <span class='ocrx_word' id='word_1_9' title='bbox 305 613 430 684; x_wconf 90' lang='lat' dir='ltr'>procos.</span> <span class='ocrx_word' id='word_1_10' title='bbox 452 590 494 657; x_wconf 79' lang='lat' dir='ltr'>lt</span> <span class='ocrx_word' id='word_1_11' title='bbox 511 591 599 657; x_wconf 91' lang='lat' dir='ltr'>enim</span> <span class='ocrx_word' id='word_1_12' title='bbox 615 591 668 658; x_wconf 88' lang='lat' dir='ltr'>hic</span> <span class='ocrx_word' id='word_1_13' title='bbox 686 590 745 657; x_wconf 88' lang='lat' dir='ltr'>tibi</span> <span class='ocrx_word' id='word_1_14' title='bbox 763 594 915 684; x_wconf 87' lang='lat' dir='ltr'>sangu&#39;ne</span> <span class='ocrx_word' id='word_1_15' title='bbox 931 607 998 662; x_wconf 87' lang='lat' dir='ltr'>toto</span> 
     </span>
    </p>

    <p class='ocr_par' dir='ltr' id='par_1_3' title="bbox 100 708 937 800">
     <span class='ocr_line' id='line_1_3' title="bbox 100 708 937 800; baseline -0.001 -23"><span class='ocrx_word' id='word_1_16' title='bbox 100 708 252 793; x_wconf 90' lang='lat' dir='ltr'>Deditus,</span> <span class='ocrx_word' id='word_1_17' title='bbox 268 732 367 775; x_wconf 82' lang='lat' dir='ltr'>unam</span> <span class='ocrx_word' id='word_1_18' title='bbox 384 731 498 776; x_wconf 88' lang='lat' dir='ltr'>omnes</span> <span class='ocrx_word' id='word_1_19' title='bbox 515 709 601 775; x_wconf 88' lang='lat' dir='ltr'>inter</span> <span class='ocrx_word' id='word_1_20' title='bbox 620 709 758 775; x_wconf 87' lang='lat' dir='ltr'>miratur</span> <span class='ocrx_word' id='word_1_21' title='bbox 776 722 937 800; x_wconf 84' lang='lat' dir='ltr'>amatque,</span> 
     </span>
    </p>

    <p class='ocr_par' dir='ltr' id='par_1_4' title="bbox 100 825 1069 919">
     <span class='ocr_line' id='line_1_4' title="bbox 100 825 1069 919; baseline 0.003 -25"><span class='ocrx_word' id='word_1_22' title='bbox 100 826 312 912; x_wconf 81' lang='lat' dir='ltr'>Neclormae,</span> <span class='ocrx_word' id='word_1_23' title='bbox 328 850 389 894; x_wconf 88' lang='lat' dir='ltr'>nee</span> <span class='ocrx_word' id='word_1_24' title='bbox 407 827 517 919; x_wconf 78' lang='lat' dir='ltr'>stirpis</span> <span class='ocrx_word' id='word_1_25' title='bbox 534 850 632 919; x_wconf 89' lang='lat' dir='ltr'>egens</span> <span class='ocrx_word' id='word_1_26' title='bbox 650 851 658 892; x_wconf 74' lang='grc' dir='ltr'><strong>ε</strong></span> <span class='ocrx_word' id='word_1_27' title='bbox 679 849 756 892; x_wconf 92' lang='lat' dir='ltr'>nam</span> <span class='ocrx_word' id='word_1_28' title='bbox 772 825 861 892; x_wconf 79' lang='lat' dir='ltr'>docte</span> <span class='ocrx_word' id='word_1_29' title='bbox 877 849 936 918; x_wconf 87' lang='lat' dir='ltr'>per</span> <span class='ocrx_word' id='word_1_30' title='bbox 954 829 1069 897; x_wconf 90' lang='lat' dir='ltr'>urbem</span> 
     </span>
    </p>

    <p class='ocr_par' dir='ltr' id='par_1_5' title="bbox 99 942 981 1037">
     <span class='ocr_line' id='line_1_5' title="bbox 99 942 981 1037; baseline 0.001 -27"><span class='ocrx_word' id='word_1_31' title='bbox 99 945 253 1011; x_wconf 81' lang='lat' dir='ltr'>Carmina</span> <span class='ocrx_word' id='word_1_32' title='bbox 269 946 325 1036; x_wconf 88' lang='lat' dir='ltr'>qui</span> <span class='ocrx_word' id='word_1_33' title='bbox 341 945 494 1037; x_wconf 81' lang='lat' dir='ltr'>juvenes,</span> <span class='ocrx_word' id='word_1_34' title='bbox 513 967 585 1036; x_wconf 80' lang='lat' dir='ltr'>quae</span> <span class='ocrx_word' id='word_1_35' title='bbox 602 967 671 1010; x_wconf 92' lang='lat' dir='ltr'>non</span> <span class='ocrx_word' id='word_1_36' title='bbox 689 942 833 1011; x_wconf 81' lang='lat' dir='ltr'>didicere</span> <span class='ocrx_word' id='word_1_37' title='bbox 848 942 981 1035; x_wconf 83' lang='lat' dir='ltr'>puellae?</span> 
     </span>
    </p>

    <p class='ocr_par' dir='ltr' id='par_1_6' title="bbox 98 1058 861 1154">
     <span class='ocr_line' id='line_1_6' title="bbox 98 1058 861 1154; baseline -0.001 -27"><span class='ocrx_word' id='word_1_38' title='bbox 98 1064 195 1127; x_wconf 87' lang='lat' dir='ltr'>Hunc</span> <span class='ocrx_word' id='word_1_39' title='bbox 213 1074 245 1128; x_wconf 92' lang='lat' dir='ltr'>et</span> <span class='ocrx_word' id='word_1_40' title='bbox 262 1061 312 1128; x_wconf 90' lang='lat' dir='ltr'>bis</span> <span class='ocrx_word' id='word_1_41' title='bbox 331 1085 425 1128; x_wconf 89' lang='lat' dir='ltr'>senos</span> <span class='ocrx_word' id='word_1_42' title='bbox 444 1060 513 1152; x_wconf 92' lang='lat' dir='ltr'>(sic</span> <span class='ocrx_word' id='word_1_43' title='bbox 531 1058 735 1154; x_wconf 81' lang='lat' dir='ltr'><strong>indulgentia</strong></span> <span class='ocrx_word' id='word_1_44' title='bbox 754 1073 861 1152; x_wconf 77' lang='lat' dir='ltr'>pergat</span> 
     </span>
    </p>

    <p class='ocr_par' dir='ltr' id='par_1_7' title="bbox 97 1176 834 1266">
     <span class='ocr_line' id='line_1_7' title="bbox 97 1176 834 1266; baseline -0.004 -20"><span class='ocrx_word' id='word_1_45' title='bbox 97 1177 245 1246; x_wconf 84' lang='lat' dir='ltr'>Praesidis</span> <span class='ocrx_word' id='word_1_46' title='bbox 261 1177 422 1266; x_wconf 88' lang='lat' dir='ltr'>Ausonii)</span> <span class='ocrx_word' id='word_1_47' title='bbox 438 1201 551 1245; x_wconf 89' lang='lat' dir='ltr'>cernes</span> <span class='ocrx_word' id='word_1_48' title='bbox 567 1176 716 1245; x_wconf 79' lang='lat' dir='ltr'>attollere</span> <span class='ocrx_word' id='word_1_49' title='bbox 734 1176 834 1244; x_wconf 83' lang='lat' dir='ltr'>fasces</span> 
     </span>
    </p>

    <p class='ocr_par' dir='ltr' id='par_1_8' title="bbox 98 1293 870 1388">
     <span class='ocr_line' id='line_1_8' title="bbox 98 1293 870 1388; baseline -0.006 -23"><span class='ocrx_word' id='word_1_50' title='bbox 98 1301 184 1365; x_wconf 88' lang='lat' dir='ltr'>Ante</span> <span class='ocrx_word' id='word_1_51' title='bbox 201 1296 287 1365; x_wconf 91' lang='lat' dir='ltr'>diem</span> <span class='ocrx_word' id='word_1_52' title='bbox 304 1322 313 1364; x_wconf 74' lang='grc' dir='ltr'><em>τ</em></span> <span class='ocrx_word' id='word_1_53' title='bbox 330 1309 418 1364; x_wconf 88' lang='lat' dir='ltr'>certe</span> <span class='ocrx_word' id='word_1_54' title='bbox 431 1298 499 1388; x_wconf 89' lang='lat' dir='ltr'>jam</span> <span class='ocrx_word' id='word_1_55' title='bbox 515 1318 603 1363; x_wconf 91' lang='lat' dir='ltr'>nunc</span> <span class='ocrx_word' id='word_1_56' title='bbox 618 1293 770 1386; x_wconf 84' lang='lat' dir='ltr'>Cybeleia</span> <span class='ocrx_word' id='word_1_57' title='bbox 785 1307 870 1362; x_wconf 86' lang='lat' dir='ltr'>novt</span> 
     </span>
    </p>

    <p class='ocr_par' dir='ltr' id='par_1_9' title="bbox 95 1409 923 1505">
     <span class='ocr_line' id='line_1_9' title="bbox 95 1409 923 1505; baseline -0.004 -23"><span class='ocrx_word' id='word_1_58' title='bbox 95 1416 243 1499; x_wconf 86' lang='lat' dir='ltr'>Limina,</span> <span class='ocrx_word' id='word_1_59' title='bbox 259 1428 291 1482; x_wconf 90' lang='lat' dir='ltr'>et</span> <span class='ocrx_word' id='word_1_60' title='bbox 307 1413 459 1482; x_wconf 74' lang='lat' dir='ltr'>Euboica</span> <span class='ocrx_word' id='word_1_61' title='bbox 476 1437 607 1482; x_wconf 85' lang='lat' dir='ltr'>carmen</span> <span class='ocrx_word' id='word_1_62' title='bbox 625 1410 704 1505; x_wconf 90' lang='lat' dir='ltr'>legit</span> <span class='ocrx_word' id='word_1_63' title='bbox 723 1409 778 1479; x_wconf 92' lang='lat' dir='ltr'>ille</span> <span class='ocrx_word' id='word_1_64' title='bbox 793 1409 923 1504; x_wconf 75' lang='lat' dir='ltr'>Sibyllae.</span> 
     </span>
    </p>

    <p class='ocr_par' dir='ltr' id='par_1_10' title="bbox 96 1531 992 1625">
     <span class='ocr_line' id='line_1_10' title="bbox 96 1531 992 1625; baseline -0.002 -25"><span class='ocrx_word' id='word_1_65' title='bbox 96 1535 232 1625; x_wconf 84' lang='lat' dir='ltr'>Jamque</span> <span class='ocrx_word' id='word_1_66' title='bbox 250 1555 369 1625; x_wconf 90' lang='lat' dir='ltr'>parens</span> <span class='ocrx_word' id='word_1_67' title='bbox 387 1531 500 1599; x_wconf 88' lang='lat' dir='ltr'>Latius</span> <span class='ocrx_word' id='word_1_68' title='bbox 516 1531 623 1624; x_wconf 87' lang='lat' dir='ltr'>(cujus</span> <span class='ocrx_word' id='word_1_69' title='bbox 640 1553 838 1622; x_wconf 74' lang='lat' dir='ltr'>praenoscere</span> <span class='ocrx_word' id='word_1_70' title='bbox 848 1544 992 1598; x_wconf 86' lang='lat' dir='ltr'>mentem</span> 
     </span>
    </p>

    <p class='ocr_par' dir='ltr' id='par_1_11' title="bbox 96 1646 972 1743">
     <span class='ocr_line' id='line_1_11' title="bbox 96 1646 972 1743; baseline -0.001 -27"><span class='ocrx_word' id='word_1_71' title='bbox 96 1652 157 1718; x_wconf 86' lang='lat' dir='ltr'>Fas</span> <span class='ocrx_word' id='word_1_72' title='bbox 175 1648 293 1743; x_wconf 86' lang='lat' dir='ltr'>mibi),</span> <span class='ocrx_word' id='word_1_73' title='bbox 312 1672 494 1743; x_wconf 84' lang='lat' dir='ltr'>purpureos</span> <span class='ocrx_word' id='word_1_74' title='bbox 511 1648 656 1732; x_wconf 87' lang='lat' dir='ltr'>habitus,</span> <span class='ocrx_word' id='word_1_75' title='bbox 672 1648 841 1740; x_wconf 75' lang='lat' dir='ltr'>juvenique</span> <span class='ocrx_word' id='word_1_76' title='bbox 859 1646 972 1715; x_wconf 89' lang='lat' dir='ltr'>curule</span> 
     </span>
    </p>

    <p class='ocr_par' dir='ltr' id='par_1_12' title="bbox 96 1761 910 1862">
     <span class='ocr_line' id='line_1_12' title="bbox 96 1761 910 1862; baseline -0.001 -30"><span class='ocrx_word' id='word_1_77' title='bbox 96 1765 280 1862; x_wconf 87' lang='lat' dir='ltr'>Indulgebit</span> <span class='ocrx_word' id='word_1_78' title='bbox 300 1767 405 1834; x_wconf 87' lang='lat' dir='ltr'>ebur:</span> <span class='ocrx_word' id='word_1_79' title='bbox 426 1769 532 1834; x_wconf 86' lang='lat' dir='ltr'>Dacas</span> <span class='ocrx_word' id='word_1_80' title='bbox 547 1765 637 1861; x_wconf 83' lang='lat' dir='ltr'>(quae</span> <span class='ocrx_word' id='word_1_81' title='bbox 656 1762 760 1859; x_wconf 88' lang='lat' dir='ltr'>gloria</span> <span class='ocrx_word' id='word_1_82' title='bbox 779 1761 910 1858; x_wconf 74' lang='lat' dir='ltr'>maorl)</span> 
     </span>
    </p>

    <p class='ocr_par' dir='ltr' id='par_1_13' title="bbox 96 1883 900 1974">
     <span class='ocr_line' id='line_1_13' title="bbox 96 1883 900 1974; baseline -0.002 -22"><span class='ocrx_word' id='word_1_83' title='bbox 96 1884 253 1966; x_wconf 80' lang='lat' dir='ltr'>Exuvias,</span> <span class='ocrx_word' id='word_1_84' title='bbox 273 1883 446 1974; x_wconf 87' lang='lat' dir='ltr'>laurosque</span> <span class='ocrx_word' id='word_1_85' title='bbox 463 1883 553 1951; x_wconf 92' lang='lat' dir='ltr'>dabit</span> <span class='ocrx_word' id='word_1_86' title='bbox 572 1883 736 1952; x_wconf 86' lang='lat' dir='ltr'>celebrare</span> <span class='ocrx_word' id='word_1_87' title='bbox 756 1896 900 1952; x_wconf 75' lang='lat' dir='ltr'>recentes.</span> 
     </span>
    </p>

    <p class='ocr_par' dir='ltr' id='par_1_14' title="bbox 97 2000 996 2093">
     <span class='ocr_line' id='line_1_14' title="bbox 97 2000 996 2093; baseline 0.002 -24"><span class='ocrx_word' id='word_1_88' title='bbox 97 2005 186 2090; x_wconf 83' lang='lat' dir='ltr'>Ergo</span> <span class='ocrx_word' id='word_1_89' title='bbox 205 2021 280 2091; x_wconf 90' lang='lat' dir='ltr'>age,</span> <span class='ocrx_word' id='word_1_90' title='bbox 297 2000 399 2090; x_wconf 87' lang='lat' dir='ltr'>junge</span> <span class='ocrx_word' id='word_1_91' title='bbox 419 2013 521 2085; x_wconf 89' lang='lat' dir='ltr'>toros,</span> <span class='ocrx_word' id='word_1_92' title='bbox 542 2013 638 2092; x_wconf 89' lang='lat' dir='ltr'>atque</span> <span class='ocrx_word' id='word_1_93' title='bbox 657 2002 724 2069; x_wconf 85' lang='lat' dir='ltr'>otia</span> <span class='ocrx_word' id='word_1_94' title='bbox 744 2001 829 2069; x_wconf 74' lang='lat' dir='ltr'>ilem&lt;</span> <span class='ocrx_word' id='word_1_95' title='bbox 843 2002 996 2093; x_wconf 70' lang='lat' dir='ltr'>juventae.</span> 
     </span>
    </p>

    <p class='ocr_par' dir='ltr' id='par_1_15' title="bbox 100 2116 1048 2213">
     <span class='ocr_line' id='line_1_15' title="bbox 100 2116 1048 2213; baseline 0.005 -30"><span class='ocrx_word' id='word_1_96' title='bbox 100 2119 191 2207; x_wconf 92' lang='lat' dir='ltr'>Quas</span> <span class='ocrx_word' id='word_1_97' title='bbox 208 2139 269 2208; x_wconf 93' lang='lat' dir='ltr'>ego</span> <span class='ocrx_word' id='word_1_98' title='bbox 290 2139 355 2181; x_wconf 92' lang='lat' dir='ltr'>non</span> <span class='ocrx_word' id='word_1_99' title='bbox 375 2129 522 2201; x_wconf 86' lang='lat' dir='ltr'>mentes,</span> <span class='ocrx_word' id='word_1_100' title='bbox 543 2140 614 2207; x_wconf 82' lang='lat' dir='ltr'>quae</span> <span class='ocrx_word' id='word_1_101' title='bbox 633 2141 700 2183; x_wconf 92' lang='lat' dir='ltr'>non</span> <span class='ocrx_word' id='word_1_102' title='bbox 721 2117 790 2185; x_wconf 83' lang='lat' dir='ltr'>lace</span> <span class='ocrx_word' id='word_1_103' title='bbox 807 2116 896 2185; x_wconf 81' lang='lat' dir='ltr'>orda</span> <span class='ocrx_word' id='word_1_104' title='bbox 912 2120 1048 2213; x_wconf 74' lang='lat' dir='ltr'>jugari?</span> 
     </span>
    </p>

    <p class='ocr_par' dir='ltr' id='par_1_16' title="bbox 97 2229 921 2325">
     <span class='ocr_line' id='line_1_16' title="bbox 97 2229 921 2325; baseline 0 -26"><span class='ocrx_word' id='word_1_105' title='bbox 97 2229 243 2300; x_wconf 85' lang='lat' dir='ltr'>Alituum</span> <span class='ocrx_word' id='word_1_106' title='bbox 262 2230 492 2325; x_wconf 87' lang='lat' dir='ltr'>pecudumque</span> <span class='ocrx_word' id='word_1_107' title='bbox 511 2233 612 2318; x_wconf 90' lang='lat' dir='ltr'>mihi,</span> <span class='ocrx_word' id='word_1_108' title='bbox 631 2231 771 2324; x_wconf 89' lang='lat' dir='ltr'>durique</span> <span class='ocrx_word' id='word_1_109' title='bbox 790 2233 921 2300; x_wconf 83' lang='lat' dir='ltr'>fearum</span> 
     </span>
    </p>

    <p class='ocr_par' dir='ltr' id='par_1_17' title="bbox 96 2349 951 2443">
     <span class='ocr_line' id='line_1_17' title="bbox 96 2349 951 2443; baseline 0 -24"><span class='ocrx_word' id='word_1_110' title='bbox 96 2352 172 2419; x_wconf 85' lang='lat' dir='ltr'>Non</span> <span class='ocrx_word' id='word_1_111' title='bbox 194 2374 330 2417; x_wconf 90' lang='lat' dir='ltr'>renuere</span> <span class='ocrx_word' id='word_1_112' title='bbox 351 2373 473 2443; x_wconf 84' lang='lat' dir='ltr'>greges.</span> <span class='ocrx_word' id='word_1_113' title='bbox 495 2353 608 2442; x_wconf 93' lang='lat' dir='ltr'>Ipsum</span> <span class='ocrx_word' id='word_1_114' title='bbox 629 2351 664 2416; x_wconf 94' lang='lat' dir='ltr'>in</span> <span class='ocrx_word' id='word_1_115' title='bbox 685 2349 838 2417; x_wconf 92' lang='lat' dir='ltr'>connuba</span> <span class='ocrx_word' id='word_1_116' title='bbox 859 2362 951 2419; x_wconf 82' lang='lat' dir='ltr'>terrae</span> 
     </span>
    </p>

    <p class='ocr_par' dir='ltr' id='par_1_18' title="bbox 96 2465 939 2561">
     <span class='ocr_line' id='line_1_18' title="bbox 96 2465 939 2561; baseline 0.006 -27"><span class='ocrx_word' id='word_1_117' title='bbox 96 2467 242 2554; x_wconf 87' lang='lat' dir='ltr'>AEthera,</span> <span class='ocrx_word' id='word_1_118' title='bbox 261 2491 362 2560; x_wconf 87' lang='lat' dir='ltr'>quum</span> <span class='ocrx_word' id='word_1_119' title='bbox 381 2465 500 2561; x_wconf 88' lang='lat' dir='ltr'>pluviis</span> <span class='ocrx_word' id='word_1_120' title='bbox 519 2482 687 2537; x_wconf 85' lang='lat' dir='ltr'>rarescunt</span> <span class='ocrx_word' id='word_1_121' title='bbox 705 2465 818 2536; x_wconf 88' lang='lat' dir='ltr'>nubila</span> <span class='ocrx_word' id='word_1_122' title='bbox 839 2467 939 2538; x_wconf 83' lang='lat' dir='ltr'>solvo.</span> 
     </span>
    </p>

    <p class='ocr_par' dir='ltr' id='par_1_19' title="bbox 96 2585 895 2678">
     <span class='ocr_line' id='line_1_19' title="bbox 96 2585 895 2678; baseline 0.004 -26"><span class='ocrx_word' id='word_1_123' title='bbox 96 2585 148 2652; x_wconf 87' lang='lat' dir='ltr'>Sic</span> <span class='ocrx_word' id='word_1_124' title='bbox 165 2610 275 2653; x_wconf 89' lang='lat' dir='ltr'>rerum</span> <span class='ocrx_word' id='word_1_125' title='bbox 294 2587 411 2670; x_wconf 82' lang='lat' dir='ltr'>series,</span> <span class='ocrx_word' id='word_1_126' title='bbox 432 2586 611 2678; x_wconf 89' lang='lat' dir='ltr'>mundique</span> <span class='ocrx_word' id='word_1_127' title='bbox 630 2588 806 2655; x_wconf 86' lang='lat' dir='ltr'>revertitur</span> <span class='ocrx_word' id='word_1_128' title='bbox 818 2600 895 2655; x_wconf 86' lang='lat' dir='ltr'>etas.</span> 
     </span>
    </p>

    <p class='ocr_par' dir='ltr' id='par_1_20' title="bbox 95 2700 976 2796">
     <span class='ocr_line' id='line_1_20' title="bbox 95 2700 976 2796; baseline 0.003 -26"><span class='ocrx_word' id='word_1_129' title='bbox 95 2700 192 2770; x_wconf 90' lang='lat' dir='ltr'>Unde</span> <span class='ocrx_word' id='word_1_130' title='bbox 212 2726 334 2769; x_wconf 90' lang='lat' dir='ltr'>novum</span> <span class='ocrx_word' id='word_1_131' title='bbox 351 2705 456 2796; x_wconf 82' lang='lat' dir='ltr'>Trojae</span> <span class='ocrx_word' id='word_1_132' title='bbox 475 2702 572 2772; x_wconf 90' lang='lat' dir='ltr'>decus</span> <span class='ocrx_word' id='word_1_133' title='bbox 593 2703 820 2795; x_wconf 85' lang='lat' dir='ltr'>ardentumqu·</span> <span class='ocrx_word' id='word_1_134' title='bbox 837 2702 976 2773; x_wconf 86' lang='lat' dir='ltr'>deorum</span> 
     </span>
    </p>

    <p class='ocr_par' dir='ltr' id='par_1_21' title="bbox 95 2821 936 2914">
     <span class='ocr_line' id='line_1_21' title="bbox 95 2821 936 2914; baseline 0.002 -28"><span class='ocrx_word' id='word_1_135' title='bbox 95 2821 287 2912; x_wconf 84' lang='lat' dir='ltr'>Raptorem,</span> <span class='ocrx_word' id='word_1_136' title='bbox 306 2821 449 2913; x_wconf 88' lang='lat' dir='ltr'>Phrygio</span> <span class='ocrx_word' id='word_1_137' title='bbox 468 2822 494 2887; x_wconf 89' lang='lat' dir='ltr'>si</span> <span class='ocrx_word' id='word_1_138' title='bbox 512 2845 580 2888; x_wconf 91' lang='lat' dir='ltr'>non</span> <span class='ocrx_word' id='word_1_139' title='bbox 598 2846 659 2914; x_wconf 93' lang='lat' dir='ltr'>ego</span> <span class='ocrx_word' id='word_1_140' title='bbox 675 2823 791 2914; x_wconf 84' lang='lat' dir='ltr'>juncta</span> <span class='ocrx_word' id='word_1_141' title='bbox 809 2821 936 2890; x_wconf 81' lang='lat' dir='ltr'>narito?</span> 
     </span>
    </p>

    <p class='ocr_par' dir='ltr' id='par_1_22' title="bbox 95 2934 832 3029">
     <span class='ocr_line' id='line_1_22' title="bbox 95 2934 832 3029; baseline 0.003 -26"><span class='ocrx_word' id='word_1_142' title='bbox 95 2934 217 3029; x_wconf 85' lang='lat' dir='ltr'>Lydius</span> <span class='ocrx_word' id='word_1_143' title='bbox 236 2937 324 3005; x_wconf 87' lang='lat' dir='ltr'>unde</span> <span class='ocrx_word' id='word_1_144' title='bbox 341 2961 430 3005; x_wconf 89' lang='lat' dir='ltr'>meos</span> <span class='ocrx_word' id='word_1_145' title='bbox 448 2938 593 3006; x_wconf 85' lang='lat' dir='ltr'>iterasset</span> <span class='ocrx_word' id='word_1_146' title='bbox 609 2938 717 3006; x_wconf 87' lang='lat' dir='ltr'>Tibris</span> <span class='ocrx_word' id='word_1_147' title='bbox 735 2937 832 3006; x_wconf 80' lang='lat' dir='ltr'>lirlos?</span> 
     </span>
    </p>

    <p class='ocr_par' dir='ltr' id='par_1_23' title="bbox 95 3055 891 3148">
     <span class='ocr_line' id='line_1_23' title="bbox 95 3055 891 3148; baseline 0.004 -27"><span class='ocrx_word' id='word_1_148' title='bbox 95 3055 178 3142; x_wconf 87' lang='lat' dir='ltr'>Quis</span> <span class='ocrx_word' id='word_1_149' title='bbox 196 3055 458 3148; x_wconf 77' lang='lat' dir='ltr'>septemgeminae</span> <span class='ocrx_word' id='word_1_150' title='bbox 478 3056 635 3147; x_wconf 86' lang='lat' dir='ltr'>posuisset</span> <span class='ocrx_word' id='word_1_151' title='bbox 653 3057 773 3123; x_wconf 88' lang='lat' dir='ltr'>moenia</span> <span class='ocrx_word' id='word_1_152' title='bbox 792 3060 891 3125; x_wconf 81' lang='lat' dir='ltr'>lbmae</span> 
     </span>
    </p>

    <p class='ocr_par' dir='ltr' id='par_1_24' title="bbox 94 3170 857 3266">
     <span class='ocr_line' id='line_1_24' title="bbox 94 3170 857 3266; baseline 0.005 -30"><span class='ocrx_word' id='word_1_153' title='bbox 94 3172 228 3264; x_wconf 88' lang='lat' dir='ltr'>Imperii</span> <span class='ocrx_word' id='word_1_154' title='bbox 245 3170 370 3241; x_wconf 86' lang='lat' dir='ltr'>Latiale</span> <span class='ocrx_word' id='word_1_155' title='bbox 390 3186 508 3266; x_wconf 90' lang='lat' dir='ltr'>caput,</span> <span class='ocrx_word' id='word_1_156' title='bbox 528 3173 589 3240; x_wconf 92' lang='lat' dir='ltr'>nisi</span> <span class='ocrx_word' id='word_1_157' title='bbox 610 3172 764 3242; x_wconf 82' lang='lat' dir='ltr'>Dardana</span> <span class='ocrx_word' id='word_1_158' title='bbox 784 3173 857 3241; x_wconf 88' lang='lat' dir='ltr'>futo</span> 
     </span>
    </p>

    <p class='ocr_par' dir='ltr' id='par_1_25' title="bbox 96 3290 997 3503">
     <span class='ocr_line' id='line_1_25' title="bbox 96 3290 997 3383; baseline -0.002 -25"><span class='ocrx_word' id='word_1_159' title='bbox 96 3290 239 3382; x_wconf 88' lang='lat' dir='ltr'>Cepisset</span> <span class='ocrx_word' id='word_1_160' title='bbox 256 3294 413 3375; x_wconf 86' lang='lat' dir='ltr'>Martem,</span> <span class='ocrx_word' id='word_1_161' title='bbox 432 3315 493 3358; x_wconf 89' lang='lat' dir='ltr'>nec</span> <span class='ocrx_word' id='word_1_162' title='bbox 512 3314 565 3358; x_wconf 89' lang='lat' dir='ltr'>me</span> <span class='ocrx_word' id='word_1_163' title='bbox 585 3291 794 3383; x_wconf 87' lang='lat' dir='ltr'>prohibente,</span> <span class='ocrx_word' id='word_1_164' title='bbox 811 3292 969 3360; x_wconf 80' lang='lat' dir='ltr'>acerdos?</span> <span class='ocrx_word' id='word_1_165' title='bbox 980 3321 997 3356; x_wconf 78' lang='lat' dir='ltr'>s</span> 
     </span>
     <span class='ocr_line' id='line_1_26' title="bbox 142 3407 991 3503; baseline 0.006 -30"><span class='ocrx_word' id='word_1_166' title='bbox 142 3409 200 3474; x_wconf 88' lang='lat' dir='ltr'>llis</span> <span class='ocrx_word' id='word_1_167' title='bbox 217 3407 338 3477; x_wconf 91' lang='lat' dir='ltr'>mulcet</span> <span class='ocrx_word' id='word_1_168' title='bbox 357 3409 466 3494; x_wconf 87' lang='lat' dir='ltr'>dictis,</span> <span class='ocrx_word' id='word_1_169' title='bbox 487 3409 687 3500; x_wconf 89' lang='lat' dir='ltr'>tacitumque</span> <span class='ocrx_word' id='word_1_170' title='bbox 708 3409 829 3503; x_wconf 89' lang='lat' dir='ltr'>inspint</span> <span class='ocrx_word' id='word_1_171' title='bbox 847 3433 991 3478; x_wconf 90' lang='lat' dir='ltr'>amorem</span> 
     </span>
    </p>

    <p class='ocr_par' dir='ltr' id='par_1_26' title="bbox 97 3526 957 3620">
     <span class='ocr_line' id='line_1_27' title="bbox 97 3526 957 3620; baseline 0.005 -29"><span class='ocrx_word' id='word_1_172' title='bbox 97 3526 260 3593; x_wconf 91' lang='lat' dir='ltr'>Connubii</span> <span class='ocrx_word' id='word_1_173' title='bbox 280 3552 287 3594; x_wconf 75' lang='grc' dir='ltr'><em>τ</em></span> <span class='ocrx_word' id='word_1_174' title='bbox 309 3527 447 3596; x_wconf 91' lang='lat' dir='ltr'>redeunt</span> <span class='ocrx_word' id='word_1_175' title='bbox 465 3528 575 3595; x_wconf 92' lang='lat' dir='ltr'>animo</span> <span class='ocrx_word' id='word_1_176' title='bbox 592 3528 661 3620; x_wconf 84' lang='lat' dir='ltr'>jain</span> <span class='ocrx_word' id='word_1_177' title='bbox 681 3541 757 3594; x_wconf 87' lang='lat' dir='ltr'>vota</span> <span class='ocrx_word' id='word_1_178' title='bbox 775 3550 957 3620; x_wconf 84' lang='lat' dir='ltr'>pecesque,</span> 
     </span>
    </p>

    <p class='ocr_par' dir='ltr' id='par_1_27' title="bbox 95 3638 1008 3739">
     <span class='ocr_line' id='line_1_28' title="bbox 95 3638 1008 3739; baseline 0.003 -28"><span class='ocrx_word' id='word_1_179' title='bbox 95 3645 138 3711; x_wconf 87' lang='lat' dir='ltr'>Et</span> <span class='ocrx_word' id='word_1_180' title='bbox 159 3638 321 3735; x_wconf 71' lang='lat' dir='ltr'>lacrymae,</span> <span class='ocrx_word' id='word_1_181' title='bbox 340 3643 516 3739; x_wconf 89' lang='lat' dir='ltr'>vigilesque</span> <span class='ocrx_word' id='word_1_182' title='bbox 537 3646 598 3712; x_wconf 90' lang='lat' dir='ltr'>viri</span> <span class='ocrx_word' id='word_1_183' title='bbox 618 3669 721 3738; x_wconf 90' lang='lat' dir='ltr'>prope</span> <span class='ocrx_word' id='word_1_184' title='bbox 741 3643 838 3713; x_wconf 87' lang='lat' dir='ltr'>lim&#39;na</span> <span class='ocrx_word' id='word_1_185' title='bbox 858 3659 1008 3737; x_wconf 89' lang='lat' dir='ltr'>questus;</span> 
     </span>
    </p>

    <p class='ocr_par' dir='ltr' id='par_1_28' title="bbox 95 3759 842 3855">
     <span class='ocr_line' id='line_1_29' title="bbox 95 3759 842 3855; baseline 0.003 -27"><span class='ocrx_word' id='word_1_186' title='bbox 95 3759 221 3828; x_wconf 76' lang='lat' dir='ltr'>Asteris</span> <span class='ocrx_word' id='word_1_187' title='bbox 239 3774 272 3828; x_wconf 91' lang='lat' dir='ltr'>et</span> <span class='ocrx_word' id='word_1_188' title='bbox 290 3763 356 3827; x_wconf 79' lang='lat' dir='ltr'>vati</span> <span class='ocrx_word' id='word_1_189' title='bbox 374 3775 475 3830; x_wconf 89' lang='lat' dir='ltr'>totam</span> <span class='ocrx_word' id='word_1_190' title='bbox 495 3776 624 3831; x_wconf 72' lang='lat' dir='ltr'>cantata</span> <span class='ocrx_word' id='word_1_191' title='bbox 644 3787 704 3855; x_wconf 89' lang='lat' dir='ltr'>per</span> <span class='ocrx_word' id='word_1_192' title='bbox 722 3763 842 3846; x_wconf 65' lang='lat' dir='ltr'>urban</span> 
     </span>
    </p>

    <p class='ocr_par' dir='ltr' id='par_1_29' title="bbox 93 3877 954 3979">
     <span class='ocr_line' id='line_1_30' title="bbox 93 3877 954 3979; baseline 0.003 -33"><span class='ocrx_word' id='word_1_193' title='bbox 93 3878 220 3946; x_wconf 82' lang='lat' dir='ltr'>Asteris</span> <span class='ocrx_word' id='word_1_194' title='bbox 238 3890 313 3944; x_wconf 83' lang='lat' dir='ltr'>aute</span> <span class='ocrx_word' id='word_1_195' title='bbox 332 3877 445 3969; x_wconf 84' lang='lat' dir='ltr'>dapes,</span> <span class='ocrx_word' id='word_1_196' title='bbox 464 3894 559 3948; x_wconf 88' lang='lat' dir='ltr'>nocte</span> <span class='ocrx_word' id='word_1_197' title='bbox 578 3883 718 3967; x_wconf 84' lang='lat' dir='ltr'>Asteris,</span> <span class='ocrx_word' id='word_1_198' title='bbox 738 3881 845 3950; x_wconf 81' lang='lat' dir='ltr'>Astris</span> <span class='ocrx_word' id='word_1_199' title='bbox 863 3895 954 3979; x_wconf 82' lang='lat' dir='ltr'>ortu,</span> 
     </span>
    </p>

    <p class='ocr_par' dir='ltr' id='par_1_30' title="bbox 93 3991 1046 4091">
     <span class='ocr_line' id='line_1_31' title="bbox 93 3991 1046 4091; baseline 0.004 -29"><span class='ocrx_word' id='word_1_200' title='bbox 93 3994 267 4081; x_wconf 88' lang='lat' dir='ltr'>Quantum</span> <span class='ocrx_word' id='word_1_201' title='bbox 289 4017 355 4060; x_wconf 94' lang='lat' dir='ltr'>non</span> <span class='ocrx_word' id='word_1_202' title='bbox 371 3991 527 4064; x_wconf 85' lang='lat' dir='ltr'>clamatus</span> <span class='ocrx_word' id='word_1_203' title='bbox 545 3996 653 4088; x_wconf 84' lang='lat' dir='ltr'>Hylas.</span> <span class='ocrx_word' id='word_1_204' title='bbox 674 4001 798 4090; x_wconf 85' lang='lat' dir='ltr'>Jamqu</span> <span class='ocrx_word' id='word_1_205' title='bbox 814 4022 927 4090; x_wconf 89' lang='lat' dir='ltr'>aspera</span> <span class='ocrx_word' id='word_1_206' title='bbox 948 4001 1046 4091; x_wconf 85' lang='lat' dir='ltr'>coepit</span> 
     </span>
    </p>
   </div>
   <div class='ocr_carea' id='block_1_3' title="bbox 0 0 1410 5258">
    <p class='ocr_par' dir='ltr' id='par_1_31' title="bbox 0 0 1410 5258">
     <span class='ocr_line' id='line_1_32' title="bbox 0 0 1410 5258; baseline 0 2"><span class='ocrx_word' id='word_1_207' title='bbox 0 0 1410 5258; x_wconf 95' lang='lat' dir='ltr'> </span> 
     </span>
    </p>
   </div>
  </div>
 </body>
</html>
