2812 5258
422 487 462 541 IN
483 487 512 539 P.
534 486 564 538 P.
584 482 708 538 STATll
729 481 835 536 THEB.
857 482 926 536 ΠΒ.
949 482 999 536 xl.
1172 481 1227 554 339

229 605 316 659 Deest
329 604 439 659 semitio
452 602 550 676 plebes
570 598 608 675 (v.
627 595 705 674 276).
726 598 779 652 ΜΒ
799 609 827 652 et
843 599 914 654 alius
927 617 981 673 pro
1000 616 1027 651 v.
1042 599 1060 651 l.
1077 617 1083 650 :
1103 599 1227 654 soevt'tt'ee.

188 696 248 751 soli
264 714 281 749 α
296 696 408 750 Behott.
425 713 431 747 :
446 695 536 748 «Iam
549 691 636 745 deest.
647 713 661 739 a

228 794 300 845 Fors
314 792 378 845 tulit
391 788 429 866 (v.
445 785 523 863 283).
540 787 628 841 Recte
646 785 788 842 Weberus
803 804 839 841 ex
851 786 906 840 ΜΒ
928 805 934 838 :
949 807 963 835 α
979 785 1077 840 Somt

232 885 325 958 Tuque
339 883 404 937 liiiio
416 891 561 956 spectator
571 876 610 953 (v.
621 877 699 953 291).
709 877 755 933 Sic
774 877 849 950 conj.
865 879 991 934 Bernart.
1015 887 1043 933 et
1057 876 1127 933 daut
1144 875 1228 951 pauci

187 975 272 1030 codd.
292 974 383 1030 Ceteri
399 992 497 1028 omnes
513 996 525 1020 α
534 981 624 1044 tuque
637 969 683 1023 hic
696 987 755 1042 sp„
768 992 779 1019 ν
794 971 876 1042 quod
889 970 956 1026 huic
969 973 1034 1026 loco
1053 971 1229 1027 convenien-

188 1069 244 1123 tius
258 1079 286 1122 et
300 1067 388 1144 magis
402 1084 538 1122 amarum.

226 1173 286 1226 Nec
298 1174 386 1226 audes
394 1168 432 1243 (v.
445 1166 535 1244 296st
548 1168 684 1223 Meliores
696 1165 781 1221 codd.
798 1184 895 1221 omncs
906 1168 1028 1224 :ardue
1041 1187 1064 1223 c.
1078 1169 1114 1242 gl.
1126 1187 1133 1223 ε
1144 1190 1159 1218 α
1167 1166 1229 1223 dis-

185 1262 299 1317 simulas
318 1260 448 1316 audirc.»
468 1259 557 1329 Quod
573 1278 673 1314 verum
693 1277 752 1314 esse
771 1267 849 1313 recte
867 1257 1007 1328 judicavit
1028 1260 1123 1315 Barth.
1138 1289 1177 1301 -
1196 1260 1230 1313 ln

185 1373 243 1428 seq.
260 1374 286 1408 v.
302 1354 355 1407 ΜΒ
375 1373 381 1406 :
397 1377 409 1401 a
421 1353 609 1427 miseramque
623 1361 757 1407 exaestuat
769 1352 851 1406 uana
869 1375 881 1399 υ

227 1446 277 1500 Ad
290 1447 374 1499 lituos
388 1444 525 1512 hilarem,
544 1446 739 1519 treptiiumque
761 1443 889 1499 tubarum
905 1442 941 1517 (v.
963 1441 1041 1519 325).
1058 1444 1151 1501 Codd.
1167 1444 1230 1500 noti

186 1557 283 1593 omnes
292 1548 319 1592 et
332 1537 396 1593 edd.
411 1548 480 1594 vett.
499 1557 506 1592 ε
526 1562 537 1587 α
552 1538 844 1611 tittrepriiumquet.»,
854 1537 934 1609 quod
944 1555 1003 1591 non
1015 1547 1123 1610 exputo
1139 1537 1230 1592 curin

186 1648 236 1683 sua
254 1629 298 1684 ed.
312 1630 464 1684 mutaverit
475 1632 604 1684 Gronov.
615 1632 681 1685 Duo
696 1629 827 1685 meliores
841 1630 949 1684 Barthii
962 1630 1099 1706 singulari
1116 1630 1206 1686 t'orma
1222 1650 1229 1683 :

186 1747 197 1767 «ι
209 1723 474 1795 mamillamque.»
488 1753 528 1764 -
544 1725 610 1795 ch.
628 1743 654 1776 v.
670 1724 724 1776 ΜΒ
744 1723 951 1796 :despiciebat

230 1829 306 1897 Quid
321 1830 444 1882 alternos
460 1826 498 1904 (v.
515 1825 591 1904 336).
613 1829 667 1881 ΜΒ
683 1838 710 1881 et
726 1845 741 1881 2
757 1827 859 1882 Bchott
876 1847 882 1880 :
897 1831 1028 1883 alternus.

227 1933 335 1986 Gemitu
342 1932 408 2001 J'erm
421 1934 549 2006 supplice
557 1931 594 2006 (v.
612 1931 691 2009 375).
700 1934 754 1987 ΜΒ
763 1942 791 1987 et
801 1933 835 1988 al.
846 1933 940 1990 Barth.
957 1953 963 1986 ι
979 1959 991 1983 n
1007 1951 1100 2008 g.par
1111 1933 1203 2005 suppl.
1218 1956 1229 1978 n

226 2037 315 2089 Fulvo
329 2040 445 2091 metallo
458 2035 497 2112 (v.
509 2034 587 2111 398).
609 2036 666 2092 Sed
677 2036 762 2091 codd.
776 2036 893 2092 Taurin.
903 2080 911 2106 ,
921 2038 1032 2108 Burm„
1048 2036 1231 2092 etPirclihai-

185 2127 255 2181 meri
271 2147 300 2181 :a
309 2127 392 2199 salta
406 2130 519 2184 metallo
528 2152 557 2198 ,n
572 2129 653 2202 quod
672 2148 736 2184 cum
751 2130 895 2197 Gronov„
909 2130 1001 2184 Βίαν.
1009 2171 1019 2197 ,
1033 2148 1061 2202 p.
1079 2127 1145 2194 358,
1155 2136 1231 2182 recte

185 2218 297 2290 praefert
311 2220 451 2276 Weberus
467 2241 473 2274 :
494 2244 508 2270 α
524 2221 572 2275 Est
592 2239 689 2294 parma
708 2240 771 2295 quae
784 2222 882 2294 plures
898 2220 983 2276 orbes
992 2220 1097 2275 metalli
1110 2221 1230 2274 alterum

185 2311 265 2365 alteri
273 2311 404 2384 junctum
413 2313 514 2381 hahet,
524 2312 560 2366 ad
571 2313 688 2368 modum
698 2313 792 2386 clypei
804 2312 879 2368 illius
887 2312 1118 2388 Agamemnonii,
1130 2312 1229 2378 Iliad„

185 2420 229 2470 xi,
245 2402 300 2471 32,
319 2424 380 2478 sqq.
391 2428 405 2454 n

225 2497 412 2568 Strinulertqne
429 2496 554 2569 regitque
568 2494 605 2571 (v.
623 2494 701 2570 404).
717 2496 855 2550 Nonnulli
868 2497 958 2551 MSS:
975 2510 1180 2569 “movetqueffl
1195 2495 1229 2547 al.

185 2605 247 2639 cum
269 2589 388 2662 allegg.
405 2606 412 2639 z
432 2599 639 2659 uitronetquc.»

230 2680 329 2731 Veternt
353 2678 498 2733 attendere
513 2677 550 2751 (v.
573 2675 652 2750 419).
670 2677 714 2730 Sc.
732 2695 767 2730 ne
788 2674 989 2730 maleficiorum
1016 2676 1084 2730 inde
1102 2677 1230 2747 exempla

186 2769 304 2842 capiant.
321 2769 377 2823 Sed
391 2780 475 2842 pocta
484 2768 532 2823 vix
547 2767 628 2822 aliter
642 2767 765 2821 scribere
773 2778 886 2840 poterat
901 2777 987 2840 atquc
997 2790 1011 2816 α
1022 2775 1117 2820 vetant
1126 2785 1228 2820 ascen-

185 2864 250 2916 dem
260 2885 271 2908 »ι
278 2900 287 2926 ,
309 2872 341 2913 ut
356 2861 441 2914 estin
455 2860 663 2917 «melioribus»
678 2858 794 2914 Barthii.

227 2968 351 3022 Stimulis
371 2969 411 3021 ire
425 2968 454 3020 in
467 2968 616 3023 decoramen
631 2967 740 3040 apertis
754 2965 794 3044 (v.
812 2966 890 3043 tal).
901 2970 949 3023 PR
966 2987 972 3021 :
990 2992 1002 3017 i
1019 2967 1049 3020 in
1062 2966 1229 3021 discrimina

185 3062 278 3126 σοιτίς,
293 3082 308 3108 n
323 3058 395 3127 sive,
411 3069 441 3111 ut
457 3078 472 3113 e
489 3062 557 3133 Reg.
572 3079 582 3113 r
595 3071 736 3128 motatur,
756 3072 852 3114 certos.
868 3062 965 3115 Altero
980 3059 1083 3114 abhinc
1101 3078 1128 3113 r.
1145 3060 1228 3119 alle-

186 3154 255 3206 hott.
278 3152 379 3205 mediis
398 3169 452 3223 pro
469 3151 596 3215 ineditis,
619 3162 651 3204 ut
671 3171 696 3204 r.
723 3153 777 3221 527
796 3153 849 3205 ΜΒ
869 3172 876 3206 :
894 3151 988 3207 «nihil
1012 3151 1086 3206 adeo
1107 3152 1229 3208 medium

186 3244 334 3313 telluris»,
348 3261 403 3316 pro
418 3243 528 3297 mechir.

224 3350 356 3403 Alternos
371 3346 408 3421 (v.
426 3347 502 3423 429).
519 3348 581 3402 Hoc
595 3346 724 3401 videmus
738 3367 772 3402 ex
788 3349 872 3403 unius
892 3349 991 3403 Behot.
1008 3346 1135 3420 margine
1149 3363 1227 3400 rcce-

185 3451 274 3512 ptum.
293 3440 431 3496 Codicum
450 3440 496 3495 alii
512 3442 668 3504 Externos,·
686 3440 732 3495 alii
751 3443 838 3496 Eoetet
860 3442 967 3507 honos,
988 3440 1047 3495 duo
1062 3439 1162 3512 optimi
1182 3457 1226 3512 ap.

186 3533 278 3586 Barth.
288 3551 294 3585 :
305 3535 397 3587 Exter
408 3533 512 3590 honos.
528 3553 613 3607 quam
629 3533 765 3588 Prisciani
779 3533 933 3588 auctoritas
948 3544 1026 3588 extra
1042 3550 1154 3587 omnem
1171 3531 1228 3586 du-

184 3623 350 3679 bitationem
360 3627 458 3699 ponit,
474 3638 504 3679 ut
519 3626 576 3697 jam
591 3625 746 3680 declaravit
760 3627 853 3680 Barth.
873 3626 952 3695 Quid
968 3625 1046 3699 apud
1065 3624 1222 3697 tales‚qui-

185 3715 239 3770 bus
255 3735 290 3770 ne
308 3720 351 3772 sui
366 3718 482 3792 quidem
496 3717 606 3791 (mater,
628 3716 722 3793 soror)
738 3736 812 3774 curae
831 3720 1023 3788 sunt‚·valeat
1041 3731 1123 3775 exter
1139 3718 1228 3772 honos

186 3811 306 3882 (externi
321 3811 443 3868 hominis
457 3809 642 3886 auctoritas)l
657 3813 765 3866 Tamen
779 3811 840 3881 ille,
855 3824 908 3868 etc.
951 3860 953 3869 .

224 3915 357 3989 Dr'roeque
372 3916 552 3970 Prometheos
567 3927 641 3969 artes
655 3912 694 3990 (v.
711 3914 794 3990 468)!
812 3917 946 3972 Permulti
964 3916 1065 3985 codd,
1080 3915 1229 3989 inquibus

184 4005 290 4059 Barthii
310 4024 420 4071 omnes,
440 4007 571 4080 «dirique
589 4008 771 4063 Prometheos
785 4010 876 4062 artes!
891 4036 902 4055 ,ι

226 4100 370 4153 Ateri'lr'um
389 4110 525 4153 tentemus
547 4099 575 4172 (v
608 4098 686 4175 471).
706 4100 820 4175 Optime
838 4102 893 4155 ΜΒ
912 4111 939 4155 et
962 4099 1033 4155 alius
1051 4099 1146 4155 Barth.
1163 4117 1227 4154 cum

1055 4226 1110 4269 22.
