2812 5258
304 411 342 486 96
615 405 828 462 ΤΗΕΒΔΙΒο8
848 405 959 460 LIBER
981 406 1045 460 VH.
1230 404 1343 468 (affl.)

304 539 467 619 Aoniam,
486 532 727 621 Euboeamque,
745 543 778 595 et
794 527 958 596 Phocidos
975 553 1055 596 arva
1077 529 1272 620 propinqua

305 656 397 722 Mars
416 679 424 720 :
444 653 489 718 ita
505 646 600 717 dulce
616 649 701 716 Jovi.
722 652 840 741 Longo
858 648 941 742 fugit
958 646 1075 716 ordine
1092 645 1186 715 velox

308 778 462 855 Tessera;
478 766 672 864 propellunt
687 769 788 856 acies,
806 793 942 861 seseque
957 767 1018 837 sub
1036 769 1135 835 armis

308 898 502 975 Ostentant,
520 887 664 957 subeunt
681 913 819 981 campo,
838 889 894 981 qui
914 888 1085 981 proximus
1102 886 1176 954 urbi

307 1016 490 1080 Damnatus
510 1006 603 1076 bellis
620 1022 727 1102 patet,
744 1022 975 1102 exspectatque
997 1007 1135 1076 furores.

355 1127 514 1197 Nondum
535 1129 639 1197 hostis
660 1130 763 1215 circa3
781 1127 911 1222 trepido
932 1142 1039 1197 tamen
1058 1131 1188 1222 agmine
1208 1144 1327 1198 matres

306 1248 543 1318 Conscendunt
562 1274 691 1335 muros,
709 1247 785 1316 inde
801 1272 893 1316 arma
911 1249 1049 1316 nitentia
1069 1250 1154 1316 natis

304 1372 346 1436 Et
365 1367 591 1437 formidandos
609 1382 795 1436 monstrant
811 1368 873 1437 sub
897 1367 1022 1436 casside
1039 1383 1159 1461 patres.

357 1490 463 1556 Turre
480 1485 595 1580 procul
614 1486 682 1555 sola
702 1487 850 1555 nondum
870 1511 1025 1555 concessa
1045 1488 1146 1556 videri

307 1609 474 1701 Antigone
493 1606 646 1699 populis,
666 1620 794 1672 teneras
814 1604 1003 1674 defenditur
1020 1622 1092 1675 atra

305 1731 404 1796 Veste
423 1750 537 1819 genas3
553 1726 713 1818 juxtaque
731 1750 855 1810 comes,
872 1750 940 1818 quo
957 1728 1057 1794 Laius
1076 1727 1146 1795 ibat

306 1848 497 1939 Armiger03
518 1860 595 1913 tunc
612 1847 707 1939 virgo
726 1870 835 1914 senem
853 1847 968 1940 regina
985 1862 1129 1915 veretur.

308 1967 392 2054 Quae
409 1967 455 2033 sic
470 1991 546 2034 orsa
561 1968 654 2059 prior
672 1991 679 2033 :
695 1995 712 2029 a
723 1969 848 2061 Spesne
868 1967 1039 2036 obstatura
1055 1965 1201 2061 Pelasgis

306 2091 386 2155 Hier
408 2084 538 2171 vexilla,
557 2085 671 2180 pater?
691 2086 823 2181 Pelopis
842 2085 1039 2156 descendere
1060 2102 1144 2155 totas

306 2205 468 2273 Audimus
484 2221 596 2300 gentes
612 2233 619 2274 :
635 2206 707 2292 dic,
729 2231 750 2274 ο
769 2231 897 2300 precor,
916 2221 1026 2274 extera
1046 2230 1159 2298 regum

306 2328 469 2419 Agmina:
487 2350 563 2392 narn
579 2323 692 2411 video,
712 2350 784 2417 quae
802 2339 913 2392 noster
929 2327 1021 2417 sigua
1039 2328 1244 2408 Menoeceus,

304 2446 387 2532 Quae
404 2457 516 2511 noster
534 2457 627 2536 gerat
642 2467 736 2510 arma
753 2447 882 2530 Creon,
903 2467 1003 2535 quam
1021 2441 1125 2512 celsus
1140 2443 1247 2510 ahena

306 2563 451 2656 Sphinge
466 2585 524 2654 per
541 2563 690 2655 ingentes
704 2561 922 2631 Homoloidas
940 2577 1035 2630 exeat
1048 2567 1198 2631 Haemon.
1210 2592 1226 2626 a

354 2686 407 2753 Sic
425 2682 516 2752 rudis
533 2683 719 2778 Antigone:
736 2685 846 2752 senior
866 2687 919 2752 cui
932 2683 1016 2753 talia
1032 2684 1205 2752 Phorbas:

252 2787 255 2792 ¹
306 2834 322 2867 a
335 2803 428 2872 Mille
447 2803 646 2898 sagittiferos
664 2803 780 2898 gelidae
797 2804 838 2872 de
853 2803 937 2874 colle
951 2807 1112 2898 Tanagrae

306 2929 484 2992 Promovet
500 2949 575 2992 ecce
590 2929 698 3017 Dryas
717 2951 724 2991 :
745 2926 819 3012 hic,
839 2925 893 2992 cui
913 2925 1006 2991 nivea
1025 2949 1116 2992 arma
1138 2923 1317 2993 tridentem

300 3048 416 3136 ¹Atque
432 3068 513 3111 auro
534 3042 617 3112 rude
632 3042 758 3112 fulmen
778 3044 918 3130 hahent,
937 3046 1073 3113 Orionis
1090 3043 1146 3112 alti

305 3164 382 3230 Non
403 3160 503 3231 falsus
521 3165 644 3232 virtute
660 3189 785 3257 nepos:
805 3162 938 3258 procul,
960 3191 1036 3252 ore,
1056 3181 1230 3260 paternum

305 3283 433 3366 Omen,
451 3295 484 3348 et
499 3283 646 3375 innuptae
662 3299 756 3351 vetus
776 3284 905 3353 excidat
924 3288 972 3353 ira
992 3284 1125 3355 Dianae!

304 3400 452 3492 Jungunt
473 3425 507 3468 se
527 3403 659 3490 castris,
676 3405 827 3497 regisque
844 3406 879 3473 in
896 3431 1016 3476 nomen
1033 3409 1195 3502 adoptant

305 3516 452 3604 Ocaleae,
471 3519 698 3612 Medeonque,
713 3537 746 3591 et
761 3525 1002 3595 confertissima
1019 3526 1101 3597 lucis

304 3640 412 3731 Nysa,
429 3641 641 3733 Dionaeisque
659 3643 777 3713 avibus
798 3648 1007 3718 circumsona
1024 3651 1156 3718 Thisbe.

350 3787 367 3821 a
380 3762 555 3828 Proximus
572 3763 804 3856 Eurymedon,
825 3769 878 3837 cui
896 3768 1074 3863 pastoralia
1090 3771 1195 3839 Fauni

305 3884 406 3950 Arma
425 3881 545 3972 patris,
564 3883 728 3976 pinusque
739 3886 836 3977 jubas
855 3890 1004 3957 imitatur
1021 3892 1171 3982 equinas,

304 3998 474 4068 Terribilis
490 4000 579 4069 silvis
597 4029 603 4070 :
624 4029 700 4072 reor
719 4021 752 4073 et
768 4010 920 4078 Mavorte
939 4026 1076 4080 cruento
