2812 5258
183 440 239 496 318
557 439 850 496 ADNOTATIONFS

221 553 458 625 Excusosumtcs
476 551 515 632 (s.
532 551 608 630 διδ).
624 554 673 609 ΡΒ
688 572 695 608 :
709 572 810 610 exosa.

223 648 305 703 Nunc
318 659 395 703 oeno
404 647 542 720 pudorem
554 642 594 722 (v.
614 644 692 722 519).
711 670 724 696 a
735 649 905 704 Constanter
922 648 952 703 in
965 658 1039 723 optt.
1054 648 1137 706 libris
1151 651 1228 729 legi-

183 750 231 795 tur
251 759 258 794 :
279 763 292 790 n
302 757 358 794 non
371 748 485 795 verto.»
498 739 557 792 Nec
573 754 657 792 sensu
673 755 733 793 non
747 741 873 796 meliore.
892 742 1014 796 Tantum
1033 742 1110 797 enirn
1124 742 1228 817 pietati

183 831 355 907 Argivorum
371 829 487 899 tribuit,
502 839 534 884 ut
549 829 626 884 ultro
642 829 673 884 in
687 831 855 886 sententiam
873 850 953 887 suam
970 851 1157 890 concessuros
1171 836 1226 891 sibi

183 921 350 997 spondeat...
364 922 440 978 Nota
452 920 601 977 rhetoricis
614 921 853 995 preceptionibus
865 921 973 999 figura,
984 942 1043 998 qua
1055 942 1116 981 non
1129 926 1226 983 sactu-

184 1034 231 1070 ros
244 1033 297 1069 nos
311 1013 430 1068 dicimus
443 1032 507 1089 qnae
525 1031 591 1068 curn
605 1013 682 1069 dicto
696 1014 821 1071 iacimus.
841 1018 877 1071 Et
894 1036 974 1091 seqq.
988 1015 1089 1089 jurant
1108 1038 1227 1094 propo-

183 1107 264 1164 sitam
277 1106 512 1162 emendationem.
527 1109 645 1163 Parcere
659 1106 750 1176 enim,
767 1108 823 1178 ait,
837 1109 931 1165 verbis
942 1109 1075 1166 adversus
1088 1129 1139 1167 vos
1152 1129 1229 1186 pos-

185 1209 268 1268 sunt,
287 1199 339 1273 qui
358 1199 458 1273 utique
476 1199 506 1254 in
524 1199 586 1271 pari
602 1218 713 1254 mecum
727 1200 844 1257 fortuna
855 1201 935 1276 paria
948 1204 1065 1260 sentitis.
1079 1227 1092 1254 ι
1111 1206 1226 1260 nanu.

223 1307 287 1361 Non
300 1316 382 1360 octat
394 1306 431 1381 (v.
453 1304 531 1383 538).
544 1307 599 1361 ΜΒ
613 1324 621 1360 :
635 1308 709 1361 «vrb
722 1317 806 1362 vetat.
822 1332 833 1357 ι

188 1442 191 1449 -
226 1410 329 1466 Cumas
348 1409 386 1485 (t.
409 1409 486 1487 566).
507 1414 564 1468 Pro
583 1410 680 1467 bestiis
697 1412 795 1467 currui
808 1412 928 1485 junctis,
948 1424 980 1469 ut
995 1413 1087 1489 Virg.,
1103 1415 1229 1490 Georg.,

184 1521 239 1573 rtr,
253 1521 292 1578 90
309 1523 315 1558 :
1067 1540 1069 1544 ·

552 1645 558 1656 .
575 1645 581 1657 .
599 1645 605 1658 .
622 1646 628 1658 .
644 1609 727 1676 Magni
742 1624 824 1660 currus
838 1609 934 1660 Achilli.

195 1840 196 1843 Ἴ
227 1772 432 1847 Comipednm,
447 1774 513 1828 or‘sc
526 1775 614 1829 donec
628 1771 667 1852 (v.
683 1771 844 1851 590).n113:
856 1773 1074 1848 «cornipedum
1088 1774 1155 1830 visu
1169 1774 1231 1831 do*

183 1882 251 1934 nec,
262 1888 274 1914 a
285 1864 426 1938 probante
440 1865 535 1921 barth.

226 1957 307 2012 Nunc
320 1961 422 2013 saltem
442 1958 562 2032 differre
580 1959 665 2032 nefas
679 1957 716 2036 (v.
736 1957 823 2037 613)?
838 1959 884 2016 Sic
901 1978 998 2018 omnes
1012 1958 1078 2016 edd.
1092 1957 1152 2015 Sed
1171 1958 1228 2016 de-

185 2047 270 2104 lenda
289 2048 519 2126 interrogationis
534 2062 618 2122 nota,
634 2051 690 2108 hoc
710 2070 794 2108 sensu
814 2073 821 2107 ι
839 2053 923 2109 Nunc
947 2062 1056 2128 sperate
1072 2068 1177 2125 pacem
1199 2062 1231 2108 et

185 2137 289 2213 fidem,
302 2158 379 2197 nunc
400 2138 552 2220 (sperate),
569 2154 602 2198 ut
623 2144 752 2200 Eteocles
764 2144 810 2199 vel
823 2143 951 2200 Thebani
973 2144 1070 2200 saltem
1088 2140 1228 2198 differant

183 2233 275 2288 nefas!

225 2325 383 2398 Constrlccre
393 2328 487 2403 globis
500 2322 538 2402 (t.
553 2324 631 2400 622).
647 2328 702 2382 ΜΒ
716 2337 745 2383 et
761 2328 833 2383 alius
852 2347 859 2382 ε
877 2353 889 2376 κ
899 2326 1094 2385 confluxere.»

221 2420 331 2491 Aperta
349 2418 448 2495 (vento
466 2415 604 2491 exposita)
622 2419 771 2472 cacumina
787 2429 883 2491 gestat
895 2418 934 2494 (v.
952 2419 1030 2495 626).
1059 2423 1114 2477 ΜΒ
1128 2440 1137 2476 ε
1151 2443 1226 2496 por-
1321 2448 1324 2460 ·

183 2519 235 2562 tot.
251 2508 397 2564 «Praelero
414 2519 448 2563 ut
465 2506 653 2584 Virgilianum
665 2504 699 2585 [i]
709 2532 722 2558 a
735 2511 845 2565 Βιιτπ.

227 2612 413 2688 Tyrrhenos...
429 2615 561 2670 mismo
575 2611 611 2689 (v.
627 2611 707 2692 631).
721 2615 892 2672 «Tubarum
904 2620 1035 2672 cantus.»
1054 2617 1143 2672 Lscr.

226 2709 389 2764 Emansbse
410 2705 449 2787 (v.
474 2705 552 2784 650).
570 2706 707 2765 honere
728 2718 757 2765 et
773 2727 932 2766 emansores
949 2707 1067 2782 proprie
1090 2708 1229 2768 dicuntur

184 2801 305 2872 milites,
320 2801 371 2878 qui
380 2799 431 2858 diu
441 2811 522 2859 extra
532 2812 622 2858 castra
636 2812 787 2879 vagantur,
801 2821 836 2859 eo
849 2800 984 2869 redituri3
1001 2820 1029 2855 v.
1042 2801 1088 2857 cit.
1099 2821 1116 2857 a
1129 2804 1226 2860 barth.

184 2894 382 2950 Modestinum
394 2896 432 2950 de
447 2897 489 2950 lle
505 2894 584 2962 mid,
600 2911 624 2950 o.
639 2913 691 2950 111.

224 2988 386 3059 anpineo
406 2987 578 3042 subnectitur
588 2988 685 3043 marito
701 2987 766 3059 pilo
785 2981 823 3059 (v.
838 2976 917 3062 654).
932 2982 1135 3044 Difficultatem
1148 2993 1227 3043 creat

183 3078 368 3152 pampineum
379 3081 492 3153 pilum,
513 3079 531 3134 i.
545 3098 570 3135 e.
587 3080 714 3155 thyrsus,
727 3075 827 3131 instita
840 3077 1009 3133 subnexum.
1024 3077 1081 3134 Sed
1096 3079 1226 3134 Barthius

185 3172 308 3247 optimos
323 3191 389 3229 suos
412 3183 441 3229 et
461 3172 531 3229 alios
546 3173 629 3229 codd.
643 3171 748 3226 habere
762 3178 882 3225 testatur
885 3171 944 3243 filo
952 3211 962 3239 ,
983 3189 1047 3227 cnm
1061 3172 1097 3245 gl.
1119 3189 1225 3244 «pam-

184 3264 259 3336 pinis
278 3265 423 3320 inlunem
439 3265 497 3320 sive
512 3263 592 3319 filum
605 3259 750 3319 contortis.
766 3285 781 3311 n
800 3261 888 3331 Quod
902 3282 1010 3318 verum.

225 3371 381 3444 laculoque
393 3370 543 3444 superbum
554 3366 592 3445 (v.
609 3364 685 3442 7¹¹)·
700 3367 755 3424 ΜΒ
773 3368 1069 3442 :potentem-*Sem
1083 3387 1111 3424 v.
1125 3367 1197 3443 Reg.
1211 3389 1223 3423 1

187 3459 284 3515 Clonin
298 3480 351 3535 pro
368 3461 509 3518 Chromin.

228 3551 294 3607 Viso
304 3572 437 3626 proesens
450 3554 542 3608 minor
552 3569 657 3625 augam
673 3553 790 3627 sanguis
806 3550 844 3628 (r.
864 3549 943 3628 7²6).
962 3545 1020 3610 «Id
1038 3561 1093 3622 est,
1108 3552 1227 3626 cupiens

186 3662 250 3699 cum
268 3644 440 3718 Amphiarao
464 3641 630 3718 confligere,
652 3654 762 3701 ceteros
786 3643 867 3720 quasi
888 3644 1007 3719 ignaros
1025 3646 1225 3702 contemnebat

187 3734 323 3792 occidere.
339 3760 351 3784 υ
366 3737 450 3792 Lacr.

226 3830 332 3883 Hersen
349 3825 386 3905 (v.
403 3826 480 3906 737).
495 3830 550 3884 ΜΒ
565 3847 573 3884 :
589 3832 720 3889 Artena
741 3831 777 3887 al.
793 3831 890 3888 Barth.
906 3852 912 3888 :
932 3827 1077 3907 sarphen.

230 3935 403 4010 Aliagmono
416 3931 455 4011 (v.
471 3931 549 4013 739).
564 3935 663 3992 Scribe
677 3937 825 4011 Holiagm.
845 3938 899 3993 ΜΒ
918 3957 926 3991 ε
944 3939 1125 4010 Holycoona.

228 4036 376 4110 Infestos...
385 4038 503 4114 jugales
516 4037 554 4116 (r.
570 4037 649 4117 743).
666 4042 725 4098 eur
739 4061 835 4116 queso
849 4040 963 4113 infesti?
974 4044 1063 4099 Recte
1075 4043 1224 4100 Bartbius:
