2774 5256
320 388 374 457 146
620 383 829 440 rnuonnos
851 381 963 438 tmen
979 383 1028 437 1x.
1249 397 1291 465 (v.
1303 402 1373 467 ηε.)

315 514 475 581 Vertitur.
496 504 665 579 lmbellem
684 532 751 576 uon
771 508 818 576 sic
836 505 989 600 amplexa
1003 506 1190 600 juvencum

313 631 495 700 Infestante
515 625 608 724 lupo,
627 652 731 722 quum
746 630 892 721 primum
912 626 993 696 foeta
1010 639 1124 697 tuetur

314 755 438 835 Mater,
459 766 491 820 et
507 750 643 843 ancipiti
662 747 852 817 circumfert
864 771 990 816 cornua
1008 772 1114 842 gyro:

314 876 392 967 Ipsa
413 871 494 940 nihil
516 886 683 954 metuens,
703 892 865 961 sexusque
884 867 989 937 oblita
1008 870 1169 956 minoris,

313 996 469 1087 spumat,
484 1006 518 1060 et
536 993 686 1085 ingentes
708 991 857 1058 imitatur
877 989 997 1058 femina
1019 1005 1144 1059 tauros.

361 1111 510 1181 Tandem
528 1112 715 1179 intermissa
733 1107 941 1203 jaculantem
961 1109 1048 1177 nube
1065 1123 1217 1206 potestas

313 1233 466 1302 Reddere
485 1231 550 1300 tela
568 1230 632 1300 fuit
647 1257 655 1299 :
671 1256 814 1324 namque
833 1245 865 1299 et
882 1231 1054 1323 Sicyonius
1074 1229 1185 1300 Alcon

309 1359 458 1453 ‚Venerat
478 1351 619 1438 auxilio,
638 1354 806 1444 Pisaeaque
824 1353 977 1444 praepetis
995 1349 1063 1418 ldae

307 1476 426 1587 ¹Turba
442 1473 549 1559 subit,
567 1497 775 1564 cuneumque
790 1469 920 1564 replent
937 1497 945 1539 ε
962 1472 1014 1539 his
1029 1470 1133 1540 fretus
1158 1473 1195 1540 in
1212 1473 1333 1545 hostes

313 1597 483 1664 Lernaeam
500 1595 582 1687 jacit
601 1596 671 1687 ipse
692 1595 841 1663 trabem:
860 1591 950 1662 volat
968 1592 1022 1661 illa
1040 1595 1172 1688 sagittis

314 1719 421 1809 AEqua
440 1714 535 1810 fuga,
554 1715 766 1809 mediumque
786 1712 870 1782 nihil
889 1727 1044 1783 cunctata
1062 1710 1197 1785 Politen

312 1835 506 1923 Transahit,
526 1850 559 1903 et
575 1837 682 1927 juncti
701 1832 854 1928 clypeum
872 1848 968 1904 cavat
983 1836 1135 1928 improba
1155 1839 1291 1933 Mopsi.

311 1955 441 2025 Phocea
460 1971 540 2025 tunc
560 1953 715 2048 Cydona,
733 1956 1017 2050 Tanagraeumque
1035 1953 1262 2045 Phalantum,

311 2079 421 2169 Atque
436 2079 590 2170 Erycem,
604 2077 693 2144 hunc
708 2090 797 2144 retro
814 2097 1029 2163 conversum,
1045 2089 1078 2143 et
1090 2073 1156 2144 tela
1172 2091 1363 2171 petentem,

311 2199 402 2264 Dum
421 2220 495 2289 spes
512 2194 601 2265 nulla
621 2198 731 2283 necis,
748 2197 867 2264 crinito
884 2220 903 2264 a
920 2197 1043 2265 vertice
1059 2196 1141 2291 [igit.

313 2315 476 2382 Faucibus
498 2313 552 2380 ille
573 2317 662 2382 cavis
681 2315 810 2382 hastam
829 2340 897 2384 uon
915 2341 975 2384 ore
993 2302 1162 2410 receptam

312 2435 455 2501 Miratur
473 2434 637 2520 moriens,
657 2436 848 2527 pariterque
868 2451 901 2504 et
920 2461 1089 2506 murmure
1110 2435 1234 2530 plenus

312 2554 471 2645 Sanguis,
492 2567 524 2619 et
544 2552 671 2647 expulsi
695 2554 855 2622 salierunt
876 2556 1011 2650 cuspide
1029 2555 1156 2624 dentes.

311 2679 418 2741 Ausus
439 2687 509 2741 erat
524 2672 613 2741 furto
634 2674 785 2743 dextram
805 2677 963 2769 injectare
983 2681 1150 2746 Leonteus

311 2797 400 2861 Pone
419 2795 505 2860 viros
522 2808 622 2886 atque
637 2820 728 2862 arma
747 2794 869 2885 latens,
889 2799 1100 2890 positumque
1119 2797 1281 2867 trahebat

310 2915 432 2982 Prenso
451 2914 543 2981 crine
561 2930 663 3008 caput
681 2942 689 2982 ε
706 2915 806 3004 vidit,
827 2942 1017 3009 quanquam
1036 2915 1187 3009 undique
1204 2919 1333 2988 crebne

310 3033 540 3128 Hippomedon
559 3050 636 3103 aute
653 3062 710 3103 ora
733 3039 844 3125 minae,
865 3062 1017 3130 saevoque
1037 3052 1233 3131 protervam

310 3153 456 3221 Abstulit
469 3179 546 3223 ense
556 3181 709 3242 mauum3
724 3155 820 3226 simul
830 3160 977 3252 increpat
987 3184 993 3224 :
1005 3162 1120 3225 «Hanc
1134 3159 1198 3226 tibi
1207 3159 1343 3254 Tydeus

308 3272 436 3364 Tydeus
455 3275 525 3367 ipse
543 3277 649 3369 rapit:
666 3293 741 3371 post
756 3294 788 3346 et
802 3279 951 3346 confecta
969 3281 1116 3346 virorum

292 3396 389 3461 .Fata
407 3395 502 3481 time,
525 3422 730 3492 magnosque
749 3401 849 3468 miser
869 3400 947 3495 fuge
969 3416 1105 3494 tangere
1125 3426 1287 3472 manes.»

292 3515 372 3580 'Ter
392 3514 544 3584 Cadmaea
566 3518 710 3610 phalanx
731 3533 864 3588 torvum
883 3521 1049 3588 abduxere
1070 3521 1229 3609 cadaver,

306 3636 370 3700 Ter
389 3636 562 3704 retrahunt
579 3640 697 3707 Danai.
717 3638 820 3709 Siculi
838 3640 928 3709 velut
943 3643 1039 3708 auxia
1055 3643 1180 3736 puppis

306 3753 474 3822 Seditione
491 3759 610 3846 maris,
631 3761 850 3855 nequicquam
869 3761 1023 3830 obstante
1042 3763 1228 3855 magistro,

306 3877 423 3957 Errat,
440 3890 473 3943 et
490 3901 607 3947 averso
626 3880 712 3948 redit
730 3883 764 3948 iu
781 3882 919 3976 vestigia
937 3878 1020 3948 velo.

353 3996 431 4063 Non
453 3998 497 4065 ibi
517 3997 661 4066 Sidoniae
681 3999 857 4068 valuissent
875 3996 997 4093 pellere
1018 4022 1128 4093 coepto
