2812 5258
60 429 183 491 (arar.)
379 424 591 483 rnnaamos
611 426 721 483 amaa
740 427 792 482 vr.
1063 426 1100 500 75
1171 444 1177 455 =

60 552 267 648 lndeprensa
286 542 421 646 pmcia'?
438 567 555 621 onerat
571 550 783 623 celeberrima
800 567 916 622 natum

61 676 195 743 Mater:
210 687 244 740 et
261 672 331 766 ipae
346 671 463 766 procul
481 671 573 742 fama
584 674 654 768 jam
672 688 771 744 notus
786 675 927 743 inermes

62 793 229 863 Narratur
247 816 360 863 oerum
375 792 475 888 pedes
492 795 579 862 inter
596 809 711 888 aperta
730 796 836 888 Lycaei

61 909 213 1000 Tollere,
233 928 266 982 et
284 914 438 982 emissum
455 936 554 983 cursu
573 913 779 1009 deprendere
796 914 908 984 telum.

61 1031 212 1101 Tandem
230 1048 438 1128 exspectatus
455 1032 584 1103 volucri
600 1060 700 1129 super
719 1039 853 1132 agmina
868 1032 952 1104 saltu

62 1153 210 1240 Emicat,
229 1168 263 1222 et
278 1168 368 1222 torto
386 1153 593 1248 chlamydem
609 1151 775 1225 diffibulat
788 1179 882 1226 auro.

63 1270 228 1343 Effitlsere
244 1288 354 1363 artus,
372 1273 664 1367 membrorumque
682 1276 790 1342 omnis
810 1288 924 1368 aperta
941 1288 991 1342 est

63 1395 211 1482 laetitia,
231 1396 441 1490 insignesque
456 1393 605 1482 hunneri,
625 1418 686 1465 nec
700 1410 834 1491 pectora
851 1392 949 1463 nudis

63 1515 239 1584 Deteriora
260 1517 369 1611 genis,
386 1513 547 1611 latuitque
575 1515 608 1585 in
632 1540 773 1612 corpore
790 1513 909 1584 vultus.

61 1639 140 1730 lpse
159 1650 269 1704 tamen
287 1633 401 1704 formae
418 1633 551 1706 laudem
569 1652 783 1732 aspernatur,
801 1650 835 1706 et
852 1649 943 1705 arcet

62 1755 225 1826 Mirantes
239 1778 248 1823 ε
263 1768 343 1825 tunc
358 1754 523 1825 Palladios
544 1782 611 1825 non
628 1759 752 1826 inscius
769 1758 907 1826 haustus

63 1875 242 1962 Incubuit,
259 1876 441 1969 pinguique
460 1890 570 1944 cutem
588 1874 737 1945 fuscatur
751 1876 849 1946 olivo.

38 2008 46 2023 ·
63 1997 141 2064 lloc
159 1993 255 2080 ldae,
272 1993 339 2062 hoe
355 2017 448 2062 more
465 1997 608 2088 Dymas,
627 1994 748 2089 aliique
764 1999 940 2066 nitescunt.

114 2116 172 2184 Sic
191 2114 247 2182 ubi
267 2112 448 2207 tranquillo
465 2113 631 2209 pellucent
648 2115 758 2186 sidera
775 2132 895 2212 ponto,

66 2235 295 2328 vibraturque
312 2232 404 2303 fietis
422 2233 496 2303 ooeli
516 2233 674 2305 stellantis
693 2238 819 2332 imago,

68 2356 191 2427 Omnia
207 2353 297 2423 clam
314 2355 422 2424 nitent
438 2380 446 2423 ε
461 2352 519 2425 aed
536 2354 659 2426 clarior
675 2359 788 2426 omnia
806 2381 908 2452 supra

70 2480 234 2571 Hesperos
253 2490 383 2544 exercet
401 2475 531 2562 radios,
546 2492 758 2573 quantusque
776 2502 837 2573 per
855 2477 959 2549 altum

72 2597 226 2680 AEthera,
246 2594 392 2664 caemleis
410 2608 521 2665 tantus
537 2612 743 2667 monstratur
761 2601 796 2666 in
816 2598 926 2668 undis.

70 2719 245 2786 meimus
262 2730 296 2784 et
312 2714 435 2803 forma,
453 2738 516 2785 nec
532 2716 674 2785 multum
695 2720 828 2811 segnior
845 2717 922 2785 ldas

70 2835 247 2923 Cursibus,
265 2849 365 2928 atque
381 2859 451 2904 oero
465 2837 560 2930 juxta
578 2838 695 2930 prior:
712 2850 858 2904 attamen
874 2834 920 2903 illi

69 2960 144 3026 lam
162 2971 296 3025 tenuem
313 2957 454 3052 pingues
473 2957 588 3026 florem
606 2957 765 3026 induxere
781 2953 959 3049 palaestrae,

70 3078 291 3171 Deserpitque
310 3078 418 3172 genis,
438 3102 499 3147 nec
515 3103 551 3146 se
566 3076 690 3173 lanugo
707 3076 829 3145 fatetur

74 3200 216 3267 lntonsae
229 3196 291 3266 sub
308 3196 396 3265 nube
413 3220 525 3265 comae.
539 3199 635 3266 Tunc
654 3199 716 3266 rite
731 3198 850 3266 citatos

73 3314 273 3411 Explorant,
292 3330 483 3411 acuuntque
503 3318 642 3412 gradus,
663 3317 836 3410 variasque
855 3338 916 3410 per
934 3327 1019 3383 artes

72 3433 287 3505 Instimulant
303 3435 403 3505 docto
422 3434 614 3532 languentia
630 3436 780 3505 membra
796 3433 953 3505 tumultu.

73 3551 203 3647 Poplite
225 3579 314 3623 nunc
331 3554 417 3624 flexo
435 3556 566 3643 sidunt,
587 3580 676 3625 nunc
695 3554 822 3624 lubrica
842 3554 920 3622 forti

66 3675 215 3753 ¹Pectora
232 3671 393 3743 collidunt
408 3675 527 3770 plausu
546 3701 554 3744 :
572 3700 662 3745 nunc
680 3679 776 3771 ignea
792 3672 915 3744 tollunt

65 3792 204 3881 ,crura
223 3790 421 3888 brevemque
440 3795 554 3892 fugam
572 3820 633 3866 nec
651 3798 753 3891 opino
770 3796 837 3864 fine
851 3806 1027 3887 reponunt.

65 3932 69 3939 ·
123 3914 198 3980 lam
216 3913 302 3997 ruit,
321 3926 419 4008 atquo
435 3939 568 4009 aequum
588 3917 740 3986 submisit
759 3912 873 4009 regula
890 3912 1013 3997 limen3

75 4032 277 4128 corripuere
297 4031 384 4103 leves
402 4037 563 4130 spatium,
580 4061 764 4131 campoque
780 4031 908 4102 refulsit
