2812 5258
37 427 131 489 (mh)
353 432 543 487 SILVARUM
564 431 672 485 LIBER
694 431 741 484 IV.

128 550 193 620 Sed
215 565 298 620 terra
318 553 433 646 primis
454 568 529 646 post
547 555 686 646 patriam
707 553 787 620 mihi

129 667 254 738 Dilecta
274 669 361 739 curis
381 697 389 739 ε
410 673 465 740 hie
484 696 557 740 mea
575 671 719 740 carmina

151 789 274 882 Regina
291 789 452 859 bellorum
467 793 581 884 virago

175 910 324 976 Caesareo
343 907 511 977 decoravit
530 933 611 977 auro
630 933 638 975 ε

126 1063 240 1150 Quum
258 1075 296 1130 tu
317 1060 435 1132 sodalis
455 1060 550 1131 dulce
569 1060 752 1155 periculum

127 1181 289 1247 Connisus
308 1182 399 1248 omni
416 1195 550 1273 pectore
568 1177 718 1267 tolleres3

149 1299 198 1366 Ut
217 1300 335 1367 Castor
353 1298 394 1368 ad
414 1313 552 1369 cunctos
572 1299 746 1391 tremebat¹

173 1419 336 1512 Bebryciae
355 1420 510 1513 strepitus
528 1443 642 1488 arenae.

124 1578 213 1643 Tene
234 1576 268 1644 in
288 1578 422 1646 remotis
440 1578 591 1670 Syrtibus
610 1577 683 1644 avia

123 1695 235 1786 Leptis
255 1694 401 1764 crearit?
413 1697 481 1789 jam
502 1695 583 1764 feret
598 1689 726 1765 Indieas

144 1814 289 1898 Messes,
308 1811 517 1907 odoratisque
533 1839 608 1882 rara
755 1804 760 1814 ⁶

173 1930 335 1997 Cinnama
352 1931 517 2022 praeripiet
533 1931 661 1999 Sabaeis.

123 2081 208 2169 Quis
227 2105 294 2149 non
314 2083 348 2150 in
367 2084 458 2151 omui
474 2084 595 2150 vertice
613 2080 745 2150 Romuli

123 2204 279 2293 Reptasse
297 2198 428 2271 duloem
449 2200 646 2292 Septimium
663 2199 780 2293 putet?

147 2319 231 2408 Quis
251 2317 340 2386 fonte
359 2321 525 2404 luminae,
542 2316 663 2388 relictis

166 2436 353 2524 Uberibus,
373 2452 470 2531 neget
490 2461 560 2505 esse
578 2435 732 2529 pastum?
754 2404 765 2429 ⁴

120 2597 198 2663 nac
216 2593 300 2660 mira
319 2593 424 2661 virtus
444 2619 451 2659 :
472 2605 629 2685 protenus
649 2593 821 2660 Ausonum

121 2714 258 2797 Portus,
277 2707 396 2779 dolosae
414 2711 541 2780 nescius
560 2708 696 2795 Africae,

142 2833 269 2915 lntras,
290 2828 528 2922 adoptatusque
546 2830 661 2898 Tuscis

167 2948 364 3041 Gurgitibus
380 2972 462 3041 puer
480 2948 644 3016 innatasti.

118 3103 180 3171 Hie
198 3126 339 3196 parvus,
360 3104 447 3170 inter
462 3104 600 3195 pignora
618 3102 747 3186 Curiae,

121 3222 305 3290 Contentus
321 3235 414 3292 arcto
430 3220 553 3289 lumine
569 3243 739 3313 purpura,

141 3342 285 3429 Crescis3
301 3339 358 3410 sed
376 3342 553 3409 immensos
570 3337 696 3406 labores

162 3458 277 3528 Indole
295 3461 433 3554 patricia
452 3473 591 3529 secutus.

120 3614 197 3681 Non
217 3636 323 3682 sermo
341 3618 481 3703 Poenus,
499 3639 566 3683 non
586 3600 717 3681 hahiius
736 3611 814 3693 tibi,

122 3732 264 3798 Externa
284 3754 351 3799 uon
369 3759 459 3802 mens
477 3758 485 3800 ε
500 3732 623 3820 Italus,
642 3731 754 3801 Italus.

142 3849 227 3916 Sunt
241 3848 332 3918 Urbe
347 3853 567 3945 Romanisque
586 3853 702 3921 turmis

166 3969 235 4057 Qui
249 3968 386 4061 Libyam
401 3967 555 4038 deeorant
569 3970 703 4037 alumni.
