2812 5258
218 419 272 493 198
526 419 736 477 THEBAIDOS
759 419 870 477 LIBER
891 421 927 477 Χ.
1105 500 1108 505 .
1143 420 1259 486 (sus.)

214 548 314 613 Nunc
331 543 480 637 jaculum
501 568 637 614 excusso
653 559 743 614 rotat
763 544 798 619 in
818 543 960 619 sublime
977 543 1117 628 lacerto,

211 664 380 759 Nullaque
395 679 556 737 tectorum
574 664 665 733 subit
686 663 730 734 ad
750 663 902 759 fastigia,
926 688 1001 759 quae,
1015 689 1083 738 nun

210 787 343 857 Deferat
360 786 455 855 hasta
475 786 602 874 virum,
627 786 825 881 perlirsaque
841 786 929 859 caede
947 804 1105 859 recurrat.

212 914 281 979 Nec
296 911 365 1003 jam
382 924 440 977 aut
456 907 624 1003 Tydeum,
645 922 704 982 aut
719 911 989 1005 Hippomedonta
1008 924 1213 1005 peremptos,

209 1037 275 1102 Aut
292 1044 403 1099 vatem
419 1030 563 1125 Pelopea
583 1029 745 1124 phalanx,
764 1045 822 1101 aut
838 1030 969 1103 Arcada
986 1029 1150 1101 creduut:

208 1154 300 1242 Quin
318 1154 446 1222 socium
465 1154 583 1225 coiisse
600 1155 743 1239 animas,
760 1168 795 1223 et
809 1177 950 1247 corpore
968 1153 1003 1227 iu
1024 1176 1091 1220 nno

206 1276 300 1343 Stare
316 1300 456 1345 omnes:
476 1276 522 1344 ita
541 1290 660 1345 cuncta
677 1273 806 1370 replet:
824 1299 894 1346 nou
912 1272 1012 1343 ullius
1028 1287 1120 1356 aetas,

185 1386 283 1465 'Non
300 1392 427 1484 cultus,
443 1422 512 1465 non
532 1395 640 1465 forma
657 1409 793 1469 movet:
815 1390 1044 1489 pugnantibus
1060 1396 1161 1480 idem,
1222 1431 1225 1437 ·

204 1515 484 1611 Supplicibusque
502 1517 584 1586 lurit
609 1542 617 1583 τ
642 1541 710 1584 uon
738 1516 913 1609 quisquam
933 1516 1093 1590 obsistere
1110 1533 1249 1604 contra,

204 1636 281 1706 Non
302 1635 380 1706 belli
398 1650 526 1707 tentare
547 1636 633 1706 vices
652 1662 659 1703 :
678 1634 796 1729 procul
813 1661 906 1707 arma
925 1635 1084 1722 furentis,

203 1757 446 1851 Terribilesque
459 1757 575 1851 jubas,
596 1770 630 1825 et
650 1756 793 1829 frontem
813 1755 948 1827 cassidis
968 1757 1116 1833 horrent.

253 1883 295 1948 ht
311 1881 386 1973 pius
403 1877 507 1948 electa
524 1900 700 1953 murorum
718 1879 753 1949 in
773 1894 867 1973 parte
886 1881 1100 1966 uenerem,

200 2002 274 2067 Jam
295 2024 386 2069 sacer
405 1997 563 2094 adspectu
578 1999 745 2094 solitoque
760 2002 934 2096 augustior
952 2025 1029 2088 ore,

201 2122 272 2190 Ceu
293 2122 404 2193 subito
424 2123 457 2191 in
476 2135 580 2192 terras
599 2147 721 2216 supero
739 2121 900 2191 demissus
918 2121 961 2190 ab
976 2146 1053 2208 aare,

124 2246 131 2255 '
199 2244 375 2328 Constitit,
396 2258 548 2337 exempta
567 2236 762 2312 manifestus
782 2241 908 2317 casside
928 2244 1040 2326 nosci,
1149 2256 1152 2260 ’

199 2364 424 2456 Despexitque
441 2365 529 2431 acies
547 2363 739 2444 hominum,
758 2375 793 2428 et
811 2359 957 2431 clamore
976 2361 1142 2454 profundo

199 2484 372 2552 Convertit
388 2505 564 2576 campum,
579 2481 743 2574 jussitque
763 2479 1008 2551 silentia'hellu.

245 2635 262 2668 «
279 2607 457 2674 Armorum
470 2602 612 2695 Superi,
625 2615 735 2694 tuque
753 2626 774 2669 ο
787 2603 845 2696 qui
861 2602 976 2676 funere
992 2619 1086 2678 tauto

198 2722 355 2819 indulges
373 2724 469 2810 milri,
487 2723 744 2820 Phoebe,mori,
763 2724 840 2795 date
857 2723 977 2820 gaudia
995 2725 1133 2812 Thebis,

198 2848 283 2935 Quae
300 2846 433 2940 pepigi,
452 2859 485 2913 et
505 2859 575 2915 toto
594 2869 668 2939 quae
685 2846 848 2940 sanguine
860 2843 1020 2940 prodigus
1036 2850 1112 2915 emi.

199 2967 294 3033 Ferte
313 2982 404 3035 retro
420 2965 564 3051 bellum,
582 2981 751 3060 captaeque
770 2964 944 3058 impingite
962 2968 1079 3037 Lernae

198 3084 377 3179 Relliquias
394 3101 527 3180 turpes,
545 3087 740 3181 confixaque
757 3100 851 3178 terga
865 3083 1014 3156 foventes

197 3206 339 3274 Inachus
356 3205 525 3276 indecores
543 3221 639 3299 pater
654 3219 824 3276 aversetur
838 3204 1002 3277 alumnos.

200 3328 239 3392 lt
255 3327 364 3418 Tyriis
382 3324 525 3420 templa,
544 3351 640 3409 arva,
657 3324 788 3410 domos,
806 3329 991 3415 connubia,
1012 3345 1106 3400 natos

196 3442 337 3511 Reddite
354 3459 460 3513 morte
475 3471 546 3515 mea
565 3470 573 3512 t
592 3446 694 3515 sivos
712 3444 842 3541 placida
858 3449 967 3523 hostia
978 3452 1068 3544 juvi,

193 3565 227 3631 Si
245 3588 313 3631 non
327 3566 478 3634 attonitis
496 3569 580 3635 vatis
599 3565 751 3637 consulta
768 3572 878 3666 recepi

193 3685 354 3767 Auribus,
373 3701 405 3753 et
421 3686 545 3755 Thebis
562 3687 714 3761 noudum
733 3691 946 3763 credentibus
963 3694 1077 3780 hausi,

192 3808 268 3873 Haec
287 3805 498 3899 Amphioniis
520 3833 581 3902 pro
599 3833 652 3879 me
664 3810 844 3903 persolvite
862 3816 977 3900 terris,

192 3931 239 3995 Ac
256 3927 335 3994 mihi
356 3926 548 4023 deceptum,
566 3956 695 4024 precor,
715 3948 849 4003 exorate
867 3952 1078 4030 parentem.»

242 4050 296 4118 Sic
313 4051 374 4138 ait,
393 4050 621 4145 insignemque
639 4054 784 4124 animam
801 4081 961 4127 mucrone
979 4084 1118 4128 corusco
