2812 5258
465 429 656 483 SILVARUM
676 430 783 485 LIBER
805 434 826 486 1.

613 886 659 971 Il

154 1172 495 1238 EPlTllALAMION
522 1172 699 1238 STELLAE
722 1173 778 1239 ET
799 1172 1125 1241 VIOLANTILLAE.

172 1846 275 1910 Unna
292 1867 384 1910 sacro
403 1844 488 1910 Latii
508 1856 689 1910 sonuerunt
706 1842 851 1911 carmine
869 1842 1023 1911 montes?

126 1963 210 2044 Cui,
228 1964 347 2045 Paean,
367 1984 453 2027 nova
470 1960 594 2053 plectra
612 1987 744 2046 moves,
764 1962 966 2054 humeroque
982 1961 1125 2030 comanti

126 2077 318 2145 Facundum
338 2077 508 2170 suspendis
523 2078 626 2145 ebur?
642 2078 762 2147 Procul
782 2106 855 2149 ecce
871 2104 994 2149 canoro

126 2198 320 2289 Demigraut
337 2194 494 2263 Helicone
512 2195 595 2281 deae,
613 2199 829 2289 quatiuntque
845 2221 974 2266 novena

126 2315 290 2408 Lampnde
307 2312 487 2382 solemnem
505 2313 656 2381 thalamis
675 2315 868 2383 coeuntibus
883 2316 1007 2410 ignem,

123 2437 164 2501 Et
179 2433 219 2501 de
238 2434 350 2500 Pieriis
370 2431 515 2500 vocalem
535 2433 680 2499 fontibus
700 2432 833 2501 undam.

122 2554 214 2639 Quas
234 2553 317 2619 inter
334 2550 426 2619 vultu
447 2550 597 2644 petulans
616 2549 729 2645 Elegia
748 2553 967 2644 propinquat,

122 2669 248 2737 Celsior
266 2683 411 2754 assueto,
429 2669 585 2762 divasque
601 2671 764 2753 hortatur,
784 2684 817 2738 et
833 2671 937 2738 ambit

125 2788 296 2857 Alternum
317 2788 441 2856 lactura
462 2787 600 2879 pedem,
620 2788 845 2880 decimamque
861 2788 964 2856 videri

122 2911 164 2976 se
181 2909 287 3001 cupit,
303 2923 335 2975 et
352 2907 474 2975 medias
493 2904 575 2974 fallit
595 2909 756 2999 permixta
773 2931 911 2975 sorores.

168 3030 240 3119 Ipsa
258 3051 359 3094 manu
376 3039 514 3119 nuptam
529 3027 669 3119 genitrix
687 3027 800 3094 AEneia
815 3026 907 3095 ducit

121 3147 261 3213 Lumina
277 3145 463 3230 demissam,
481 3158 513 3212 et
531 3144 618 3212 dulci
634 3146 796 3238 probitate
812 3145 982 3213 rubentem
1003 3171 1011 3212 ε

121 3266 193 3354 lpsa
212 3277 319 3349 toros,
336 3278 369 3330 et
384 3287 475 3331 sacra
491 3277 600 3355 parat;
616 3265 791 3355 cinctuque
807 3264 928 3331 Latino

121 3381 330 3449 Dissimulata
347 3382 456 3467 deam,
472 3384 596 3450 crinem
613 3380 807 3474 vultumque
822 3405 984 3475 genasque

121 3500 307 3592 Temperat,
322 3514 421 3593 atque
437 3525 523 3568 nova
540 3502 636 3595 gestit
652 3502 761 3568 minor
775 3502 823 3569 ire
839 3503 966 3569 marita.

122 3618 228 3684 Nosco
244 3618 330 3686 diem
344 3643 523 3711 causasque
538 3621 619 3689 sacri
637 3644 645 3686 ε
664 3633 696 3688 te
711 3621 856 3688 concinit
871 3621 932 3687 iste

123 3735 249 3826 (Pande
270 3735 386 3829 foresl)
405 3752 451 3822 te,
473 3736 589 3825 Stella,
607 3736 725 3806 chorus
742 3764 750 3805 ε
768 3738 827 3806 tibi
842 3737 984 3807 Phoebus
1000 3752 1032 3807 st
1051 3742 1142 3807 Euan

120 3856 160 3920 Et
178 3851 218 3919 de
235 3853 384 3922 Maenalia
399 3855 530 3924 volucer
545 3859 735 3951 Tegeaticus
751 3856 868 3925 umbra

119 3969 211 4037 Serta
228 3969 335 4037 ferunt
353 3998 360 4037 :
383 3997 441 4039 uec
456 3972 595 4042 blandus
611 3979 724 4058 Amor,
741 3999 801 4043 nec
815 3975 932 4044 Gratia
950 3986 1051 4042 cessat
