2812 5258
404 416 446 472 IN
467 419 497 472 Ρ.
517 419 548 472 P.
570 416 695 474 STATll
715 417 823 473 THEB.
846 418 916 473 Ltlt.
939 417 1006 474 ΧΗ.
1166 418 1222 485 345

188 543 321 610 tangatur
335 534 469 590 hocloco
483 535 598 610 mythus
612 533 714 608 aliquis
727 533 763 590 de
777 534 903 609 Olyntho
915 536 1016 605 heroe,
1035 554 1118 609 quem
1133 538 1224 612 Olyn-

185 624 262 680 thios
276 643 396 699 quoquo
411 626 499 681 modo
514 624 728 682 Atheniensium
749 626 836 681 rebus
849 626 974 701 antiquis
993 625 1148 683 immiscere
1163 639 1224 684 stu-

187 715 281 773 duisse
303 718 452 791 probabile
469 729 519 774 est.
540 719 629 790 Cujus
650 717 692 773 rei
714 735 750 772 an
771 717 888 793 vestigia
915 729 1025 774 exstent
1044 719 1074 773 in
1097 730 1224 776 veterum

185 808 356 883 scriptortuu
373 809 517 883 reliquiis,
537 829 664 884 quarere
682 829 759 865 nunc
777 829 837 864 non
858 821 954 882 vacat,
973 830 1067 885 neque
1086 813 1225 869 Voemelii

188 901 251 957 etsi
266 901 316 975 qui
329 900 376 956 alii
395 903 431 957 de
445 900 571 976 Olyntho
586 900 675 957 libelli
687 901 725 957 ad
737 919 852 957 manum
866 913 940 957 sunt.

225 994 307 1047 Hunc
319 996 406 1069 vulgo
419 991 457 1071 (v.
471 991 549 1070 512).
560 995 634 1049 Bene
643 993 726 1049 weh.
737 1011 772 1049 cx
786 997 852 1049 PR:
868 1016 883 1044 α
893 995 969 1060 Hac,
985 995 1120 1067 vulgo...
1130 997 1226 1051 Deve-

185 1083 277 1140 niunt.
288 1107 304 1135 s
317 1085 418 1141 Paullo
431 1095 512 1158 post,
525 1102 553 1138 v.
572 1081 628 1150 514
640 1127 648 1156 ,
661 1083 774 1159 egregie
783 1085 915 1141 Barthius
928 1085 1058 1142 distinxit
1072 1105 1078 1139 :
1098 1087 1156 1141 Via
1164 1088 1225 1143 ibi:

185 1178 310 1244 scdatr's,
326 1188 395 1245 etc„
412 1187 440 1231 et
458 1175 597 1232 sententia
614 1176 777 1250 postulante
791 1187 818 1232 et
832 1177 869 1232 de
888 1195 969 1233 more
982 1177 1073 1233 Statii.

225 1270 387 1323 Emendare
401 1266 439 1343 (v.
460 1264 537 1342 551).
553 1266 733 1342 «Castigare.
748 1269 891 1325 Putabaut
905 1269 980 1325 enirn
997 1288 1027 1326 se
1040 1267 1189 1343 perfidiam
1198 1279 1225 1325 et

185 1360 332 1417 libidinem
346 1361 550 1418 Thebanorum
565 1360 752 1437 castigaturus
770 1381 778 1417 ε
801 1381 861 1438 quo
875 1363 952 1419 iacto
972 1373 1106 1437 poterant
1125 1382 1226 1437 super-

187 1451 269 1533 ¹dere,
278 1472 368 1526 quum
381 1452 439 1508 sint
450 1451 681 1510 inunendabiles.
692 1478 705 1504 υ
715 1457 815 1510 Gnoss.
825 1455 858 1510 V.
869 1455 988 1528 praeced.
999 1456 1069 1530 Reg.
1084 1475 1108 1522 r,
1117 1457 1224 1511 movea'.

172 1536 176 1544 ⁴
228 1547 530 1620 Alimentaquevestra
544 1543 582 1622 (v.
599 1543 677 1623 557).
692 1547 842 1605 «Cereales
856 1547 965 1622 fruges,
980 1547 1088 1603 anobis
1100 1548 1226 1603 humano

187 1636 284 1713 generi
302 1637 557 1695 communicatas.»
571 1641 670 1695 Gnoss.

224 1730 293 1785 lam
308 1731 435 1786 mamitus
449 1727 488 1808 (v.
507 1729 585 1806 565).
600 1733 655 1787 ΜΒ
669 1741 698 1788 et
711 1730 783 1787 alius
802 1751 810 1787 ι
827 1755 842 1783 ιι
849 1730 963 1804 jamque
976 1733 1084 1787 eramus
1091 1772 1101 1799 ,
1114 1757 1126 1781 ι
1144 1732 1226 1805 quod

185 1823 293 1898 probat
305 1823 401 1878 Barth.
420 1823 459 1878 ob
477 1842 503 1879 v.
520 1823 592 1894 248,
607 1834 636 1880 et
651 1824 780 1898 reposuit
795 1821 961 1880 Wakefield.
976 1826 1018 1880 ad
1032 1826 1157 1890 lucres,
1177 1843 1227 1894 vr,

192 1921 275 1997 spii.
292 1918 327 1972 ln
342 1917 418 1993 vulg.
435 1918 568 1990 suppleas
584 1937 591 1972 ι
607 1937 671 1992 quae
683 1927 757 1973 sunt

229 2009 373 2081 Qaaatrtm
384 2009 485 2064 etenim
502 2005 539 2085 (v.
556 2007 634 2086 568).
649 2009 740 2066 Iidem
756 2028 763 2062 :
778 2010 947 2079 «Quantum
961 2011 1056 2064 etiam.
1066 2031 1081 2059 ι

227 2105 307 2157 Anas
315 2099 426 2176 hospita
441 2101 478 2177 (v.
496 2100 572 2179 582).
589 2100 709 2172 Hecale,
725 2121 788 2176 quae
802 2103 1010 2159 adolescentem
1019 2101 1160 2156 Theseum
1175 2101 1226 2156 ho-

187 2191 273 2267 spitio
289 2204 436 2268 acceperat
449 2195 560 2270 (Pium,
581 2195 613 2250 V.
630 2195 723 2260 Thes..
735 2214 759 2250 c.
774 2191 846 2272 xxx).
861 2194 919 2252 Sed
937 2213 1000 2270 quae
1015 2211 1060 2248 res
1077 2193 1123 2248 bie
1135 2193 1228 2267 respi-

187 2286 289 2358 ciatur,
303 2304 363 2342 non
377 2285 443 2342 satis
461 2286 616 2361 cognitum.

229 2380 374 2434 Peaaotas
385 2377 566 2454 lactyrais(v.
587 2377 666 2454 589).
686 2381 741 2435 ΜΒ
764 2400 771 2435 :
787 2381 877 2435 Poeae
891 2397 1003 2434 moveas
1015 2382 1167 2450 lacrymas.

227 2472 346 2547 Phegeu
361 2469 398 2544 (v.
409 2468 487 2547 596).
503 2473 556 2525 ΜΒ
570 2483 599 2526 et
612 2473 680 2527 Beb.
692 2488 725 2526 a:
736 2473 879 2546 Phlegra,
889 2482 922 2526 ut
936 2474 1031 2545 plnres
1043 2470 1111 2526 libri
1121 2490 1146 2526 v.
1160 2469 1227 2529 631.

226 2563 322 2619 Mettis
334 2561 455 2633 Libycos
471 2558 509 2635 (v.
525 2562 604 2637 606).
618 2565 662 2618 De
675 2562 816 2636 anguibus
830 2562 965 2636 incapite
984 2563 1118 2618 Medusa.

228 2655 306 2709 lteus
319 2653 356 2728 (v.
368 2649 447 2725 622).
465 2654 532 2722 ΜΒ,
547 2655 642 2708 Burm.
661 2672 686 2723 ι,
701 2672 718 2708 a
735 2653 861 2722 llebott.‚
876 2672 893 2708 a
909 2657 1128 2727 llegg.:Aleus,
1148 2653 1229 2709 etsie

187 2746 264 2802 laet.
274 2746 334 2800 tls,
344 2743 446 2813 Paris,
460 2743 511 2817 qui
521 2743 693 2800 verberecte
709 2743 748 2799 ita
762 2744 905 2817 concipit:
920 2768 935 2794 ι
949 2744 1074 2813 Quidam
1089 2745 1166 2800 hunc
1179 2765 1229 2801 re·

187 2856 251 2912 gem
262 2836 364 2891 volunt
372 2856 431 2893 esse
441 2839 559 2912 Tegeae,
575 2835 820 2905 auxiliarem‚aoa
834 2835 924 2891 civem
947 2834 1200 2913 [sc.Atl1euarum].
1217 2863 1229 2887 ι

188 2927 245 2984 Sed
262 2928 364 2984 laisum
380 2927 451 2996 boc,
467 2929 535 3001 quia
552 2928 641 2983 Aleus
656 2927 780 2982 Athenas
791 2927 954 3000 pervenisse
974 2946 1114 3001 nusquam
1130 2929 1229 3000 perhi-

188 3020 281 3076 betur.
301 3017 467 3074 Lectionem
489 3023 566 3076 licus
580 3019 750 3093 interpretes
770 3019 917 3075 deducunt
930 3020 967 3075 ab
991 3020 1055 3089 llei,
1069 3018 1230 3092 siverunt,

190 3111 271 3185 quod
284 3118 370 3189 χωρίον
379 3122 518 3166 memorat
534 3115 667 3181 Pansam,
687 3131 728 3183 11,
744 3111 795 3181 34,
812 3117 827 3181 ς
845 3119 860 3179 4
881 3134 887 3167 :
904 3112 955 3168 sed
972 3112 1042 3186 quid
1055 3111 1101 3166 bic
1115 3112 1230 3168 sibive-

189 3204 243 3259 lint
253 3201 490 3260 Hermioneasesi
502 3206 536 3259 In
551 3204 750 3261 Hermionensi
760 3203 835 3260 enim
844 3222 914 3278 agro
925 3211 1004 3265 thiel
1012 3203 1058 3259 siti
1068 3215 1140 3260 sunt.
1152 3205 1230 3260 Nihil

190 3296 276 3372 igitur
298 3309 406 3351 restare
426 3295 541 3352 ridetur
560 3315 646 3370 ᾳιιιιιι
665 3309 698 3351 ut
719 3300 819 3353 Alaeus
837 3297 1006 3365 scribamus,
1029 3300 1135 3375 eda'pp
1154 3298 1230 3369 ital,

189 3390 290 3458 Ᾰλαιιίις
304 3388 363 3445 sive
376 3391 480 3468 Ᾰιᾳιὺς,
494 3400 624 3464 correpta
638 3389 795 3465 penultima
809 3390 847 3444 ob
861 3408 919 3463 seq.
937 3391 1072 3445 vocalem.

234 3482 372 3537 lbalamo
385 3481 421 3556 (v.
437 3481 515 3558 638).
529 3484 583 3537 ΜΒ
601 3503 608 3537 :
624 3482 767 3538 thalamis.
782 3482 883 3539 Alius:
908 3483 1014 3537 Veneri.

229 3575 382 3630 Poeaancm
401 3576 645 3656 exercitalTlsebis
659 3573 696 3652 (v.
712 3574 789 3650 646).
806 3593 824 3630 a
843 3575 939 3629 Barth.
956 3585 985 3629 et
1007 3573 1100 3628 alius:
1123 3595 1138 3621 a
1152 3572 1229 3627 The-

190 3668 287 3722 barum
300 3667 424 3723 exercita
431 3668 542 3742 poears,
561 3691 576 3718 n
591 3685 750 3742 perperam.

230 3763 371 3833 Augustae
390 3763 490 3835 clypeo
511 3758 548 3835 (v.
566 3759 645 3835 666).
670 3762 759 3829 «Qua
775 3758 822 3813 illc
845 3757 992 3832 procedit,
1008 3758 1164 3813 densantur
1178 3773 1230 3830 ag-

190 3852 267 3908 mina
285 3852 324 3906 ob
339 3851 400 3924 ejus
418 3853 531 3907 molem.
543 3876 558 3902 a
576 3854 674 3908 Gnoss.
690 3855 785 3907 ltecte.
809 3850 864 3907 Alii
883 3851 1017 3926 :agmina
1041 3848 1160 3905 includit
1182 3848 1229 3903 in-

191 3945 298 4015 sculpta
317 3944 398 4006 brevi
414 3945 522 4016 clypeo.

232 4036 283 4090 Bis
294 4036 403 4091 Thesea
418 4035 453 4112 (v.
466 4034 543 4111 673).
557 4038 664 4111 Supple
673 4055 689 4091 c
699 4035 894 4111 superioribus
911 4057 918 4090 :
933 4045 1028 4091 terror
1035 4031 1230 4091 estiisvidere.
