2812 5258
91 492 175 545 (aso.)
419 475 607 529 stnvmuut
625 476 732 530 LIBER
753 477 787 530 11.
1077 479 1111 547 37

92 598 148 670 Nil
166 598 251 664 veris
268 596 388 689 affingo
403 596 507 664 bonis.
526 596 592 664 Ubi
611 597 713 666 lactea
730 597 828 684 colla,

92 716 308 807 Brachiaque,
324 728 356 783 et
373 739 541 807 nunquam
559 716 683 783 domini
702 719 771 784 siue
788 716 934 808 pondere
949 717 1076 784 cervix?

93 838 124 904 Ο
141 834 196 901 ubi
213 847 358 902 venturae
378 858 450 926 spes
466 858 533 901 nou
551 832 731 927 longinqua
743 835 899 926 juventae,

93 958 202 1044 Atque
218 953 309 1044 genis
325 964 457 1044 optatus
474 952 594 1036 honos,
608 954 781 1044 jurataque
796 951 938 1020 multum

92 1070 199 1138 Barba
216 1067 296 1136 tibi?
312 1084 431 1137 cuncta
449 1070 482 1135 in
498 1041 623 1136 cineres
641 1070 748 1161 gravis
764 1068 875 1137 intulit
892 1071 986 1156 hora,

92 1186 292 1280 Hostilisque
309 1187 378 1255 dies
396 1213 404 1253 :
422 1187 516 1256 nobis
533 1189 718 1258 meminisse
736 1185 893 1255 relictum.

139 1307 225 1393 Quis
241 1318 298 1376 tua
313 1304 484 1397 colloquiis
500 1303 614 1372 hilaris
631 1303 786 1373 mulcebit
802 1309 918 1374 amatis

93 1420 249 1491 Pectora?
264 1424 337 1514 quis
355 1447 464 1510 curas,
480 1423 664 1514 mentisque
680 1446 798 1490 arcana
816 1421 980 1491 remittet?

94 1543 278 1609 Accensum
296 1543 369 1634 quis
384 1539 449 1609 bile
465 1541 550 1628 sera,
565 1539 760 1633 famulisque
777 1555 956 1610 tumentem

94 1659 224 1744 Leniet,
242 1658 436 1752 ardentique
453 1660 487 1727 in
503 1684 537 1728 se
552 1658 701 1727 deflectet
717 1659 757 1726 ab
774 1657 846 1726 ira?

94 1779 245 1867 inceptas
262 1779 335 1868 quis
352 1779 392 1844 ab
411 1801 469 1844 ore
488 1776 602 1869 dapes,
621 1775 787 1868 libataque
804 1776 880 1843 vina

97 1892 248 1976 Auferet,
266 1907 299 1958 et
319 1892 406 1959 dulci
424 1894 568 1961 turbabit
586 1906 705 1961 cuncta
719 1893 856 1986 rapina?

98 2009 182 2095 Quis
200 2009 379 2074 matutinos
397 2007 570 2099 abrumpet
584 2034 753 2079 murmure
768 2036 897 2079 somnos

98 2127 274 2251 Imqgtsitus
292 2126 416 2210 stratis,
432 2124 603 2217 abitusque
617 2129 798 2195 morabitur
814 2131 910 2196 arctis

100 2244 260 2330 Nexibus,
276 2267 360 2335 aque
376 2245 447 2336 ipso
465 2245 630 2312 revocabit
647 2243 688 2310 ad
704 2243 812 2312 oscula
830 2244 945 2337 poste?

99 2363 225 2431 Obvius
241 2363 379 2430 intranti
396 2386 508 2429 rursus
525 2363 598 2452 quis
613 2363 649 2428 in
667 2386 740 2448 ora,
758 2386 938 2454 manusque

97 2480 265 2567 Prosiliet,
280 2480 497 2572 brevibusque
514 2479 670 2547 humeros
685 2480 899 2547 circumdabit
915 2478 1025 2549 ulnis?

99 2603 193 2669 Muta
210 2599 327 2668 domus
343 2599 465 2690 pariter
480 2595 679 2690 desolatique
694 2612 841 2690 penateS,

100 2722 142 2786 Et
159 2721 239 2786 situs
256 2719 290 2784 in
309 2714 473 2802 thalamis,
492 2729 524 2783 et
540 2730 654 2783 moesta
670 2715 799 2783 silentia
815 2716 945 2782 mensis.

147 2835 239 2924 Quid
255 2837 392 2919 mirum,
408 2848 500 2901 tanto
516 2835 543 2901 si
561 2846 592 2901 te
608 2834 682 2925 pius
702 2831 787 2900 altor
804 2835 944 2901 honorat

101 2952 251 3022 Funere?
265 2957 316 3022 'l'u
337 2953 471 3021 domino
488 2953 630 3044 requies,
647 2965 825 3045 portusque
841 2965 996 3035 senectae,

102 3073 152 3139 Tu
169 3072 268 3140 modo
285 3071 424 3159 deliciae,
441 3068 552 3138 dulces
568 3070 667 3138 modo
682 3084 814 3162 pectore
829 3094 923 3138 curae.

103 3191 179 3257 Non
199 3204 230 3257 te
246 3190 423 3257 barbaricae
440 3188 589 3256 versabat
606 3188 702 3256 turbo
719 3200 867 3274 catastae,

104 3309 173 3376 Nec
189 3310 309 3377 mixtus
327 3308 455 3377 Phariis
471 3304 596 3374 venalis
613 3307 776 3374 mercibus
793 3304 914 3389 infans,

106 3427 375 3518 Compositosque
392 3423 488 3509 sales,
504 3423 724 3514 meditataque
740 3422 838 3490 verba
855 3420 981 3490 locutus

106 3543 256 3629 Quaesisti
273 3542 410 3611 lascivus
428 3541 559 3627 herum,
578 3539 735 3632 tardeque
751 3541 887 3632 parasti,

107 3659 192 3726 Hinc
211 3658 342 3744 domus,
356 3660 434 3728 binc
449 3673 557 3742 ortus3
576 3656 764 3749 dominique
781 3657 950 3751 penatibus
966 3655 1045 3724 olim

107 3777 214 3843 Carus
229 3787 366 3865 uterque
380 3799 511 3865 parens,
528 3791 625 3868 atque
641 3777 676 3844 in
692 3789 748 3845 tua
764 3776 881 3868 gaudia
898 3772 994 3861 liber,

108 3896 161 3962 Ne
177 3916 350 3984 quererere
366 3915 482 3984 genus,
500 3909 629 3986 raptum
645 3908 677 3961 te
693 3895 842 3985 protinus
860 3891 934 3961 alvo

108 4008 246 4079 Sustulit
262 4008 441 4094 exsultans,
455 4034 492 4077 ac
507 4013 612 4102 prima
628 4009 736 4078 lucida
753 4033 832 4078 voce
