2812 5258
68 413 184 476 (eser.)
391 410 607 468 runnsmos
629 411 739 468 curn
759 413 800 466 vr
1070 429 1107 483 rs

118 540 172 607 Sic
189 536 295 625 cadit,
312 520 469 605 attonitis*
480 537 611 629 quoties
629 534 783 604 avellitur
803 538 914 623 astris,

68 654 156 726 Solis
174 681 277 752 opaca
291 680 386 725 soror
407 681 415 723 :
435 653 552 750 procul
571 654 764 725 auxiliantia
785 669 898 751 gentes

68 778 150 845 AEra
165 790 318 870 crepant,
340 775 528 869 frustraque
546 776 664 845 timent
683 801 691 844 :
712 790 747 843 at
765 774 923 847 Thessala
942 775 1060 845 victrix

68 896 168 965 Ridet
185 893 377 965 anhelantes
397 894 511 964 audito
529 897 678 965 carmine
695 896 799 991 bigas.

118 1013 320 1086 Collaudant
337 1016 446 1084 Danai
466 1041 474 1083 τ
494 1014 552 1084 sed
569 1040 638 1085 non
656 1016 718 1085 tibi
738 1015 838 1086 molle
856 1018 980 1103 tuenti,

70 1136 323 1231 Hippomedon,
343 1139 515 1230 majorque
533 1161 652 1205 manus
671 1151 823 1231 speratur
843 1138 878 1206 in
897 1162 1002 1229 aequo.

120 1262 228 1351 Atque
247 1256 294 1326 illi
313 1255 498 1350 extemplo,
519 1257 574 1326 cui
592 1281 666 1350 spes
687 1256 868 1352 iufringere
887 1256 982 1326 dulce

71 1378 288 1464 immodicas,
308 1382 456 1445 Fortuna
475 1378 568 1446 venit
581 1402 589 1445 τ
602 1376 683 1470 quid
702 1379 839 1447 numina
858 1391 974 1447 contra

70 1495 220 1567 Tendere
241 1496 289 1564 fas
307 1495 456 1566 homini?
473 1497 622 1590 spatium
637 1497 708 1591 jam
728 1499 874 1567 immane
892 1497 1050 1592 parabat,

69 1620 144 1686 Jam
164 1619 469 1705 cervix'conversa,
488 1616 606 1710 etjam
626 1616 711 1688 latus
728 1642 827 1688 omne
847 1617 996 1687 redibat:
1119 1607 1123 1616 ’

71 1736 202 1806 Excidit
219 1749 295 1806 ante
313 1736 411 1832 pedes
429 1735 578 1833 elapsum
597 1737 751 1833 pondus,
772 1753 806 1807 et
826 1740 911 1808 ictus

69 1860 251 1946 Destituit,
269 1857 459 1949 frustraque
478 1883 615 1926 manum
635 1857 760 1928 dimisit
777 1860 920 1926 inanem.

120 1985 318 2075 Ingemuere
333 2000 469 2062 omnes,
487 1978 637 2070 rarisque
656 2001 697 2045 ea
715 1979 788 2048 visu
804 1975 966 2074 voluptas.

69 2100 156 2171 Inde
174 2100 216 2168 ad
238 2110 378 2168 conatus
395 2093 512 2164 timida
529 2095 619 2164 subit
637 2111 709 2164 arte
727 2099 940 2168 Menestheus

71 2222 229 2304 Cautior,
248 2234 281 2288 et
301 2214 444 2290 multum
460 2228 508 2302 te,
526 2217 617 2284 Maia
637 2231 733 2303 nate,
752 2234 871 2314 rogato

73 2339 171 2410 Molis
190 2336 403 2434 praegravidae
420 2336 561 2433 castigat
580 2334 718 2429 pulvere
735 2334 857 2432 lapsus.

73 2459 133 2530 llla
151 2485 251 2529 manu
270 2482 411 2553 magna,
429 2471 462 2525 et
481 2455 624 2526 multum
644 2454 774 2529 felicior
789 2459 874 2546 exit,

73 2582 143 2651 Nec
160 2595 287 2676 partem
308 2580 461 2672 exiguam
479 2577 558 2650 circi
576 2591 763 2671 transvecta
784 2582 919 2674 quievit.
1000 2559 1015 2620 i·

75 2703 127 2773 Fit
147 2724 266 2790 sonus,
285 2713 319 2768 et
336 2697 404 2769 fixa
421 2698 573 2794 signatur
590 2715 680 2768 terra
699 2703 828 2794 sagitta.

121 2825 252 2893 Tertius
271 2819 507 2915 Hippomedon
527 2816 636 2887 valida
656 2818 697 2886 ad
719 2820 901 2887 certamina
920 2819 1033 2888 tardos

74 2942 214 3014 Molitur
231 2966 361 3037 gressus
379 2968 387 3010 :
405 2963 547 3033 namque
566 2936 661 3008 illum
679 2938 780 3007 corde
798 2938 860 3007 sub
879 2934 946 3006 alto

74 3066 117 3133 Et
135 3087 230 3131 casus
246 3059 400 3155 Phlegyae
417 3073 550 3146 monet,
571 3073 604 3126 et
625 3058 760 3127 fortuna
778 3058 974 3126 Menesthei.

74 3183 182 3277 Erigit
200 3195 368 3250 assuetum
384 3179 505 3250 dexuae
523 3193 710 3274 gestamen,
731 3192 765 3246 et
782 3177 848 3247 alte

75 3304 289 3388 Sustentnus,
309 3297 639 3394 rigidumqnelatus,
659 3298 828 3391 fortesque
847 3296 988 3367 lacertos
1037 3328 1041 3336 ·

75 3420 245 3506 Consulit,
263 3446 303 3491 ac
321 3433 416 3488 vasto
433 3433 632 3513 contorquet
654 3419 805 3506 turbine,
826 3432 858 3486 et
878 3418 948 3512 ipse

74 3544 292 3635 Prosequitur
314 3568 322 3609 :
343 3539 429 3635 fugit
445 3537 614 3608 horrendo
634 3563 694 3633 per
714 3540 826 3606 inania
845 3535 949 3624 saltu,

74 3666 217 3753 Jamque
236 3660 352 3755 procul
370 3661 521 3729 meminit
540 3657 677 3745 dextrae,
694 3673 869 3753 servatque
889 3673 1037 3728 tenorem

75 3783 200 3853 Discus
218 3806 226 3848 ε
242 3805 303 3849 nec
319 3779 420 3849 dubia
435 3781 594 3873 junctave
611 3779 804 3849 Menesthea
822 3780 945 3847 victum

75 3900 267 3970 Transahiit
284 3915 369 3969 meta
386 3899 510 3994 :longe
530 3925 629 3992 super
645 3899 761 3969 aemula
782 3903 875 3994 signa

77 4019 254 4109 Consedit,
274 4017 460 4112 viridesque
477 4020 652 4107 humeros,
670 4034 703 4088 et
719 4043 823 4113 opaca
839 4000 957 4087 theatri
