2812 5258
87 390 198 451 (stu-t
396 385 605 441 rnennmos
626 385 733 440 monn
753 386 790 439 11.
1047 394 1100 446 ιο,

87 514 203 579 Laevus
219 510 318 578 habet
335 534 342 575 :
359 510 491 600 jamque
507 531 586 573 arva
603 506 705 599 gradu
725 505 937 591 Theumesia,
955 516 989 570 et
1009 524 1098 570 arces

87 631 195 697 Intrat
210 632 404 722 Agenoreas.
424 626 473 695 lbi
490 625 608 692 durum
625 623 775 692 Eteoclea
794 624 897 691 cernit

87 745 267 816 Sublimem
285 743 385 830 solio,
402 759 596 836 septumque
612 742 821 810 horrentibus
839 742 946 809 armis.

89 867 168 933 Jura
186 863 273 932 ferus
290 862 413 957 populo
430 877 521 930 trans
539 860 655 954 legem,
674 885 712 928 ac
730 875 876 951 tempora
894 860 1007 952 regni,

12 1039 18 1048 .
88 984 159 1050 Jam
177 981 286 1049 fratris
304 980 344 1049 de
362 995 454 1074 parte
470 979 568 1046 dabat
586 1004 594 1044 ε
612 978 701 1046 sedet
717 1002 814 1046 omne
834 993 966 1070 paratus

87 1101 126 1165 ln
144 1097 285 1185 facinus,
305 1099 519 1190 queriturque
535 1096 632 1163 fidem
651 1111 716 1163 tam
735 1120 806 1163 sero
824 1097 958 1188 reposci.

135 1216 293 1285 Constitit
308 1217 343 1283 in
362 1215 495 1283 mediis:
510 1238 618 1281 ramus
637 1213 823 1281 manifestat
840 1211 933 1280 olivae

88 1339 266 1429 Legatum3
283 1359 460 1427 causasque
477 1334 535 1401 viae
554 1357 737 1425 nomenque
755 1346 886 1425 rogatus

87 1453 220 1523 Edidit:
238 1467 338 1547 utque
358 1454 450 1521 rudis
466 1452 573 1540 fandi,
593 1476 782 1545 pronusque
800 1448 900 1519 calori

88 1575 223 1667 Semper
241 1586 326 1660 erat,
343 1574 439 1664 justis
457 1574 593 1640 miscens
611 1586 721 1640 tamen
738 1593 868 1662 aspera,
882 1570 1004 1663 coepit:

135 1693 197 1759 «Si
216 1691 274 1758 tibi
292 1690 389 1784 plana
405 1691 506 1778 fides,
524 1706 558 1760 et
575 1691 651 1759 dicti
668 1714 747 1758 cura
764 1703 911 1757 maneret

87 1808 245 1893 Foederis‚
262 1806 304 1874 ad
320 1807 453 1875 fratrem
470 1808 633 1899 completo
649 1810 769 1899 justius
785 1831 872 1874 anno

87 1929 226 2016 Legatos
242 1924 319 1990 hinc
336 1924 383 1989 ire
400 1922 479 2007 fuit;
498 1937 593 2015 teque
609 1923 723 1992 ordine
736 1938 826 1991 certo

86 2045 266 2109 Fortunam
283 2064 419 2125 exuere,
437 2055 469 2108 et
488 2038 595 2107 laetum
616 2039 781 2108 discedere
797 2065 918 2134 regn03

87 2161 134 2227 Ut
152 2183 250 2252 vagus
267 2157 321 2227 ille
338 2158 413 2245 diu,
434 2183 611 2251 passusque
628 2159 717 2226 haud
735 2159 833 2253 digna
850 2185 909 2253 per
926 2161 1023 2229 urbes

86 2281 233 2371 Ignotos,
251 2290 352 2371 pactae
372 2277 504 2346 tandem
521 2279 708 2346 succederet
728 2279 819 2346 aulae.

86 2396 150 2465 Sed
169 2398 244 2488 quia
261 2396 365 2465 dulcis
381 2421 474 2465 amor
493 2402 601 2490 regni,
619 2396 841 2489 blandumque
858 2411 1014 2490 potestas,

85 2517 230 2583 Posceris
245 2541 253 2582 :
269 2514 453 2582 astriferum
470 2512 566 2582 velox
579 2516 648 2607 jam
662 2513 805 2583 circulus
821 2517 937 2584 orbem

85 2634 207 2719 Torsit,
226 2649 259 2701 et
275 2634 399 2703 amissae
413 2632 578 2701 redierunt
592 2633 757 2700 montibus
778 2633 917 2719 umbrae,

85 2751 133 2816 Ex
152 2776 218 2843 quo
239 2751 339 2819 frater
356 2751 465 2844 inops,
483 2753 594 2845 ignota
611 2775 670 2844 per
686 2750 808 2844 oppida
828 2751 936 2818 tristes

85 2867 186 2937 Exsul
205 2871 272 2963 agit
289 2892 401 2955 casus3
418 2883 453 2937 et
471 2882 501 2935 te
515 2870 584 2960 jam
602 2882 731 2961 tempus
750 2882 864 2960 aperto

85 2987 153 3054 Sub
168 2989 247 3055 Jove
262 2987 347 3055 ferre
362 2986 445 3071 dies,
462 3000 656 3077 terrenaque
671 2985 793 3078 frigora
808 2987 961 3056 membris

84 3107 231 3190 Ducere,
248 3120 280 3173 et
295 3120 445 3173 externos
463 3104 660 3173 submissum
678 3104 801 3172 ambire
818 3120 961 3197 penates.

85 3223 173 3289 Pone
188 3222 320 3291 modum
337 3222 416 3292 laetis
433 3250 441 3292 :
458 3225 536 3291 satis
553 3247 634 3290 auro
653 3221 758 3307 dives,
776 3237 809 3290 et
823 3237 914 3292 ostro

84 3341 302 3433 Conspicuus,
319 3356 449 3413 tenuem
469 3343 617 3437 germani
631 3342 783 3435 pauperis
798 3366 920 3410 annum

83 3460 196 3529 Risisti
213 3487 220 3527 :
237 3485 355 3528 moneo
371 3487 547 3556 regnorum
565 3461 683 3555 gaudie
700 3474 797 3529 temet

83 3578 266 3664 Dedoceas‚
287 3581 477 3671 patiensque
496 3581 579 3674 fugae
597 3603 742 3649 mereare
758 3584 913 3650 reverti.»

130 3700 289 3766 Dixerat:
309 3712 358 3765 ast
375 3695 422 3763 ilii
439 3706 537 3767 tacito
556 3698 616 3767 sub
633 3714 765 3792 pectore
781 3699 906 3768 dudum

82 3818 184 3908 Ignea
201 3816 300 3883 corda
318 3815 481 3900 fremunt3
494 3815 582 3905 jacto
598 3816 689 3885 velut
702 3842 815 3910 aspera
832 3841 910 3886 saxo

83 3936 243 4003 Cominus
262 3936 399 4028 erigitur
416 3956 563 4025 serpens,
579 3939 632 4003 cui
649 3935 762 4003 subter
778 3937 890 4003 inanes
