2812 5258
266 429 319 470 aaa
559 409 772 467 mannos
792 409 903 466 uultu
925 407 1005 464 vltt.
1190 405 1293 464 (³³:³-

262 541 307 604 Et
324 535 426 630 galeae
444 535 578 604 vittatus
595 533 697 627 apex?
717 534 780 602 hoc
796 547 908 617 antra,
925 531 1083 622 lacusque

263 654 420 726 Castalii?
437 651 670 747 tripodumque
685 651 787 721 fides?
804 655 852 721 sic
868 666 983 746 gratus
1002 646 1140 742 Apollo?

263 777 347 863 Quis
365 774 446 907 uphi
463 771 609 842 sidereos
628 772 757 867 lapsus,
776 787 987 864 mentemque
1004 770 1149 839 sinistri

263 892 432 987 Fulgum's,
453 907 512 961 eut
528 894 618 962 coesis
635 891 732 961 saliet
747 892 842 987 quod
859 916 981 962 numen
1002 892 1036 959 in
1056 890 1154 972 extis,

262 1012 406 1101 Quando
423 1014 496 1100 iter,
516 1013 605 1084 unde
619 1037 744 1100 morte,
760 1038 835 1106 quae
848 1014 941 1082 saevis
955 1009 1045 1080 utilis
1059 1009 1174 1094 armis,

262 1136 346 1221 Qun
364 1158 480 1228 pacem
499 1134 604 1227 magis
621 1134 707 1203 hora
727 1132 826 1221 velit,
844 1135 918 1228 quis
930 1135 999 1226 jam
1013 1154 1112 1199 omne
1127 1127 1280 1198 futurum

262 1251 429 1323 Proferet?
448 1269 507 1323 aut
526 1279 603 1324 cum
618 1279 686 1347 quo
710 1253 859 1324 volucres
877 1277 950 1322 mea
967 1252 1034 1321 Sta
1053 1246 1251 1342 loquentur?

262 1378 332 1442 Hos
349 1398 485 1468 quoque
501 1372 665 1450 bellorum
680 1400 775 1445 casus
791 1375 970 1466 nobisque,
988 1373 1130 1464 tibique,

262 1496 470 1583 Praescieras,
488 1507 522 1565 et
535 1493 676 1589 (quanta
695 1519 790 1564 sacro
810 1494 873 1563 sub
888 1507 1024 1587 pectore
1040 1487 1179 1582 virtus!)

263 1618 392 1687 Venisti
410 1631 539 1704 tamen,
555 1631 590 1687 et
607 1618 737 1685 miseris
754 1639 864 1685 comes
881 1613 1013 1682 additus
1032 1615 1143 1681 armis.

262 1740 305 1804 Et
325 1761 428 1828 quum
446 1751 478 1805 te
499 1733 614 1823 tellus,
629 1734 803 1829 fatalisque
815 1736 900 1804 horn
918 1749 1073 1819 vocaret,

261 1861 313 1926 Tu
330 1857 446 1950 Tyrias
467 1857 569 1944 ecies,
588 1856 792 1950 adversaque
812 1857 924 1952 signa,
943 1841 1068 1925 vacasti

263 1979 442 2044 Sternere:
460 1991 540 2046 tuuc
558 1977 659 2046 etiam
679 1976 790 2046 media
804 1977 845 2046 de
859 1990 968 2046 morte
986 1974 1170 2044 timendum

262 2096 439 2182 Hostibus,
458 2095 641 2190 infestaque
658 2097 835 2167 abeuntem
854 2097 998 2166 vidimus
1017 2098 1120 2165 hasta.

262 2221 305 2285 Et
321 2240 412 2284 nuuc
430 2228 462 2283 te
478 2218 553 2309 quis
571 2241 667 2286 casus
686 2216 810 2286 habeti
826 2219 995 2311 poterisne
1010 2217 1128 2284 reverti

263 2335 401 2404 Sedibus
418 2358 438 2401 a
456 2336 596 2428 Stygiis,
613 2334 746 2426 alteque
761 2358 937 2428 erumpere
954 2333 1065 2402 terra?

263 2458 359 2524 Anne
376 2452 469 2521 sedes
488 2450 603 2522 hilaris
616 2455 710 2546 juxte
727 2468 785 2522 tua
802 2455 942 2522 numine
957 2451 1094 2522 Paroes?

261 2579 306 2642 Et
322 2573 392 2641 vice
408 2570 567 2642 concordi
588 2571 687 2641 discis
707 2587 862 2662 ventura,
885 2570 1072 2666 docesque?

262 2700 313 2764 hu
332 2692 392 2760 tibi
412 2689 522 2760 felices
541 2689 633 2762 lucos
651 2695 828 2764 miseratus
846 2696 970 2765 Averni

264 2819 387 2883 Rector
404 2829 437 2881 et
451 2811 579 2907 Elysias
596 2813 690 2884 dedit
709 2817 878 2886 inservare
895 2813 1068 2885 volucres?

262 2933 438 3026 Quidquid
456 2955 509 3020 es,
527 2949 668 3004 eternus
684 2937 811 3006 Phoebo
829 2933 936 3021 dolor,
954 2950 986 3003 et
1004 2958 1090 3002 nova
1105 2931 1213 3001 clades

262 3059 397 3148 Semper
411 3055 491 3140 eris,
509 3055 675 3149 mutisque
692 3057 748 3126 diu
766 3053 940 3150 plorabere
954 3055 1103 3149 Delphis.

261 3176 325 3241 llic
343 3173 518 3262 Tenedon,
539 3175 767 3268 Cyrrhamque
786 3175 873 3263 dies,
891 3191 1055 3270 partuque
1072 3175 1206 3268 ligatam

261 3293 387 3380 Delon,
408 3309 441 3361 et
455 3295 579 3363 intonsi
596 3292 710 3364 cludet
726 3295 907 3389 penetralia
927 3296 1080 3365 Branchi.

261 3415 332 3481 Nec
349 3410 476 3481 Clarias
496 3411 559 3481 hac
580 3411 654 3483 luoe
664 3388 778 3503 iores,
798 3417 1037 3511 Didymaeaque
1051 3418 1227 3511 quisquam

261 3531 411 3614 Limina,
432 3554 496 3599 uec
513 3534 648 3625 Lyciam
668 3534 807 3629 supplex
819 3537 991 3608 consultor
1005 3537 1120 3606 adibit.

260 3650 353 3737 Quin
370 3664 402 3717 et
417 3650 584 3745 cornigeri
600 3656 684 3722 vatis
703 3681 838 3744 nemus,
860 3674 960 3753 atque
978 3658 1115 3728 Molossi

260 3774 412 3860 Quercus
433 3769 553 3840 anhela
569 3774 677 3864 lovis,
696 3778 909 3872 Trojanaque
927 3780 1096 3873 Thymbra
1117 3781 1248 3848 tacebit.

242 3893 328 3985 ·lpsi
349 3915 479 3980 amnes,
497 3893 642 3986 ipseque
657 3895 769 3967 volent
782 3924 927 3969 arescere
946 3900 1069 3970 laurus.

256 4015 329 4108 lpse
352 4010 434 4083 nihil
456 4027 585 4083 certum
600 4017 688 4112 segis
708 4017 920 4115 clangoribus
939 4025 1041 4092 aether
