2812 5258
294 342 347 429 11'0
594 367 807 425 rmnsmos
826 365 940 421 num
956 365 1019 420 vu
1205 362 1322 425 nus-r

291 501 392 568 Crine
409 493 514 563 latent
532 492 661 562 humeri
681 516 690 558 :
709 504 863 560 mearunt
882 487 1039 581 lanugine
1056 483 1169 574 male,

290 619 335 684 Et
351 614 448 683 rubet
467 607 607 680 imbellis
624 609 725 701 Tyrio
743 607 927 677 subtemine
946 606 1085 673 thorax:

291 734 495 824 Brachiaque
513 730 549 797 in
566 728 723 813 manicis,
742 740 777 795 et
793 727 890 820 pictre
907 723 1040 792 vincula
1059 721 1197 817 plantes,

292 850 513 940 Carbaseique
530 849 621 915 sinus
632 897 643 933 ,
656 860 690 914 et
710 843 812 914 fibula
830 843 937 914 rasilis
955 868 1038 912 aum

291 969 475 1036 Taenariam
493 964 583 1034 fulva
601 963 774 1034 mordebat
793 963 918 1058 iaspide
937 961 1077 1057 pallam3

292 1089 403 1176 Quam
421 1107 523 1178 super
541 1108 561 1152 a
579 1098 673 1177 tergo
691 1081 787 1152 velox
806 1097 956 1177 corytus,
974 1097 1006 1151 et
1026 1106 1140 1166 arcus,

292 1202 541 1296 Pendentesque
558 1217 677 1271 sonant
694 1217 809 1271 aurata
827 1200 921 1296 lynce
941 1202 1113 1294 pharetra.

294 1329 325 1393 lt
344 1323 536 1417 lymphante
554 1327 629 1392 Deo
647 1322 754 1391 media
773 1323 860 1391 iuter
876 1319 981 1390 millia
996 1319 1133 1415 longum

294 1441 489 1511 Vociferans
509 1466 517 1508 ε
535 1441 737 1509 «Prohibere
754 1464 871 1508 manus
890 1467 898 1507 :
919 1441 988 1507 hec
1007 1441 1118 1508 omine
1140 1439 1255 1508 dertm

294 1562 419 1630 Moenia
438 1560 594 1653 Cyrrhaea
613 1561 809 1627 monstravit
828 1555 948 1651 Apollo
964 1559 1116 1650 juvenca

299 1681 439 1764 Parcite,
459 1680 493 1746 in
512 1677 582 1746 hnc
601 1675 689 1746 ultro
707 1675 835 1770 scopuli
853 1699 971 1744 venere
989 1673 1146 1745 volentes.

296 1801 387 1866 Gens
406 1812 532 1866 sacrata
551 1821 689 1864 sumus:
710 1819 812 1890 gener
830 1795 907 1864 huic
926 1808 976 1863 est
992 1797 1146 1890 luppiter
1165 1796 1258 1879 urbi,

298 1916 529 2010 Gradivusque
539 1940 655 1984 socer:
672 1915 839 1984 Bacchum
856 1913 946 1983 haud
966 1917 1145 1985 mentimur
1158 1913 1331 1984 alumnum

297 2039 341 2104 Et
361 2059 517 2130 magnum
537 2033 684 2106 Alciden.
701 2066 717 2100 r
734 2038 876 2105 lactanti
894 2033 973 2105 talia
991 2035 1113 2105 frustra

298 2155 465 2223 Turbidus
485 2156 574 2224 aeria
591 2158 764 2249 Capaneus
783 2158 927 2224 occurrit
944 2156 979 2224 in
998 2155 1102 2223 hasta.

301 2271 418 2359 Qualis
438 2272 495 2341 ubi
514 2276 654 2365 primam
675 2272 726 2342 leo
746 2298 842 2341 mane
859 2271 1023 2342 cubilibus
1041 2273 1121 2340 atris

301 2374 413 2459 Erexit
425 2391 566 2476 rabiem,
579 2406 612 2458 et
625 2415 709 2458 saevo
725 2389 914 2482 speculatur
930 2391 971 2457 ab
988 2404 1085 2459 antru

303 2511 375 2578 Aut
387 2532 534 2591 cervam,
551 2521 609 2576 aut
627 2506 776 2576 nondum
793 2505 969 2576 bellantem
983 2508 1092 2577 fronte
1106 2509 1306 2603 juvencum,

301 2631 333 2695 It
348 2626 480 2695 fremitu
496 2625 660 2720 gaudens,
680 2625 757 2696 licet
772 2651 880 2715 arma,
896 2651 1078 2723 gregesque
1092 2625 1251 2696 lacessant

305 2748 516 2832 Venantum3
533 2745 679 2840 praedam
696 2745 805 2833 videt,
820 2761 854 2816 et
868 2771 927 2817 sua
945 2745 1080 2817 vulnera
1100 2748 1211 2815 nescit.

352 2867 405 2933 Sic
418 2880 497 2934 tunc
511 2889 688 2960 congressu
707 2869 879 2960 Capaneus
896 2867 1024 2957 gavisus
1043 2865 1158 2958 iniquo

304 2983 464 3052 Librahat
478 3007 595 3077 magna
611 2999 783 3053 venturam
801 2983 887 3053 mole
903 3008 1104 3076 cupressum.

303 3109 389 3172 Ante
408 3119 535 3187 tamen,
549 3102 667 3190 «Quid
682 3102 828 3171 femineis
846 3100 1043 3191 ululatibus,
1061 3104 1183 3195 inquit,

228 3278 229 3281 ,
303 3222 493 3308 Terrificas,
509 3223 684 3307 moriture,
700 3220 808 3289 viros?
824 3221 949 3289 utinam
967 3224 1036 3315 ipse
1049 3223 1193 3306 veniret,

304 3341 368 3406 Cui
382 3336 478 3408 furis!
496 3339 565 3407 haec
578 3339 687 3434 Tyriis
699 3363 780 3408 cane
791 3341 951 3408 matribus
966 3367 973 3408 :
988 3370 1004 3404 r
1021 3355 1053 3409 et
1073 3337 1170 3408 simul
1191 3340 1319 3407 hastam

305 3457 462 3552 Expulit:
480 3456 534 3525 illa
551 3457 681 3542 volans,
695 3482 756 3527 ceu
770 3459 819 3527 vis
836 3484 902 3528 non
922 3459 989 3529 ulla
1008 3474 1155 3529 moretur

307 3577 432 3661 Obvia,
448 3578 502 3644 vix
515 3577 625 3643 sonuit
639 3574 771 3671 clypeo,
793 3594 826 3646 et
840 3580 910 3672 jam
929 3593 1021 3674 terge
1041 3576 1184 3672 reliquit.

308 3697 409 3762 Arma
428 3694 556 3781 fluunt,
575 3692 748 3788 longisque
767 3712 881 3791 crepat
898 3697 1095 3793 singultibus
1114 3721 1253 3783 aurum,

307 3816 519 3906 Eruptnsque
538 3814 629 3881 sinus
645 3815 721 3883 vicit
734 3841 843 3885 cruor.
863 3817 997 3886 Occidis
1016 3816 1140 3903 audax,

307 3931 439 4000 Occidis
459 3933 559 4000 Aonii
578 3957 661 4026 puer
679 3932 781 4002 altera
799 3961 877 4004 cura
893 3939 991 4030 Lyaei.
