2812 5258
90 482 204 548 (mco.)
414 478 602 534 SILVARUM
621 477 727 530 LIBER
748 477 781 527 V.
1058 478 1109 536 ali

90 610 129 675 In
148 605 234 691 loca;
255 606 309 673 vix
326 606 468 672 retinent
487 603 622 669 comites
642 625 649 665 :
667 623 756 666 nunc
773 622 829 665 ore
846 597 946 691 ligato

90 724 228 792 Incubat
242 725 380 808 amissae,
396 743 604 811 mersumque
620 720 652 785 in
669 719 768 787 corde
783 717 930 786 dolorem

91 846 200 911 Saevus
217 842 284 934 agit
304 866 311 907 :
331 838 436 932 qualis
457 852 633 931 conspecta
648 838 786 931 conjuge
801 839 908 931 segnis

91 961 249 1053 Odrysius
266 973 370 1044 vates,
387 958 499 1051 positis
514 957 556 1024 ad
570 960 744 1048 Strymona
760 953 906 1048 plectris,

89 1080 284 1171 Obstupuit,
301 1080 492 1169 tristemque
512 1100 628 1170 rogum
648 1076 717 1143 sine
736 1076 879 1143 carmine
897 1072 997 1141 llevit.

90 1195 149 1266 Ille
164 1198 262 1265 etiam
278 1210 375 1264 certae
392 1196 531 1289 rupisset
548 1208 696 1286 tempora
712 1195 802 1279 vitae,

91 1318 142 1386 Ne
158 1329 193 1383 tu
208 1318 401 1382 Tartareum
416 1314 522 1383 Chaos
538 1313 727 1380 incomitata
744 1312 884 1395 subires3

90 1433 153 1502 Sed
173 1434 325 1527 prohibet
344 1458 436 1501 mens
456 1431 522 1500 fida
541 1431 631 1516 duci,
649 1431 823 1523 jurataque
842 1431 942 1499 sacris

91 1555 255 1647 Imperiis,
274 1567 307 1621 et
325 1553 429 1645 major
447 1576 549 1619 amor.
566 1552 651 1638 Quis
669 1553 812 1618 carmine
831 1549 932 1643 digno

90 1675 265 1765 Exsequias
282 1686 314 1739 et
328 1671 415 1739 dona
431 1669 523 1738 malae
541 1669 650 1738 feralia
666 1694 795 1764 pompae

90 1789 258 1882 Perlegatl
276 1813 373 1856 omne
390 1787 458 1856 illic
473 1791 630 1881 stipatum
647 1791 795 1857 examine
811 1790 911 1883 longo

91 1911 159 1975 Ver
174 1909 320 1976 Arabum
335 1905 540 1997 Cilicumque
555 1905 643 1991 lluit,
659 1907 819 1995 lloresque
835 1908 954 1995 sahaei,

92 2023 314 2116 Indorumque
331 2048 444 2091 arsura
462 2047 566 2117 seges,
585 2040 809 2118 praereptaque
827 2025 957 2119 templis

91 2146 194 2229 Tura,
212 2140 374 2211 Palaestini
391 2139 488 2210 simul
508 2142 702 2234 Hebraeique
721 2142 879 2234 liquores,

55 2263 56 2266 '
92 2263 300 2354 Coryciaeque
316 2285 431 2346 comae,
446 2263 671 2354 Cynareiaque
687 2264 843 2354 germina.
860 2267 904 2334 At
920 2262 993 2331 altis

91 2383 165 2473 lpsa
184 2382 262 2448 toris
280 2382 395 2448 Serum
415 2382 579 2472 Tyrioque
600 2382 750 2448 umbrata
770 2383 931 2450 recumbit

91 2500 266 2592 Tegmine,
284 2498 340 2567 sed
362 2511 430 2565 toto
451 2513 617 2590 spectatur
637 2501 670 2566 in
691 2503 820 2594 agmine
840 2503 958 2593 conjux

93 2598 211 2705 sotus,
224 2617 258 2684 in
278 2617 366 2684 hunc
386 2641 510 2709 magnae
528 2616 706 2686 flectuntur
722 2617 846 2687 lumina
865 2625 992 2704 Romae,

92 2738 160 2804 Ceu
176 2736 311 2828 juvenes
330 2749 424 2804 natos
442 2760 592 2828 suprema
611 2735 652 2804 ad
671 2736 767 2805 busta
786 2737 942 2804 ferentem
962 2761 969 2801 :

93 2856 124 2921 Is
142 2852 235 2921 dolor
252 2855 284 2921 in
304 2852 413 2939 vultu3
433 2868 560 2921 tantum
579 2856 750 2946 crinesque
767 2878 923 2947 genaque

92 2973 206 3040 Noctis
220 2971 341 3040 habent
357 2996 365 3039 :
383 2969 472 3040 illam
488 2970 666 3064 tranquillo
682 2972 748 3040 fine
765 2969 919 3059 solutam,

93 3087 294 3183 Felicemque
313 3105 446 3176 vocant,
463 3089 619 3182 lacrymas
635 3090 747 3159 fudere
764 3092 892 3158 marito.

137 3212 196 3277 Est
212 3206 301 3277 locus
316 3223 392 3277 ante
408 3209 538 3291 urbem,
556 3232 622 3301 qua
637 3211 782 3301 primum
798 3210 942 3278 nascitur
961 3211 1076 3305 ingens

90 3327 211 3419 Appia3
229 3352 358 3420 quaque
378 3325 462 3397 Italo
481 3329 621 3420 gemitus
640 3326 780 3396 Almone
797 3327 918 3421 Cybele

92 3445 202 3529 Ponit,
221 3459 254 3512 et
269 3445 370 3516 Idaeos
382 3446 451 3539 jam
468 3470 535 3513 non
551 3447 772 3514 reminiscitur
788 3472 908 3515 amnes.

92 3562 153 3628 Hic
170 3575 201 3628 te
216 3560 349 3629 Sidonio
363 3563 503 3633 velatam
520 3562 663 3632 molliter
678 3579 767 3633 ostro

92 3677 238 3745 Eximius
257 3679 376 3770 conjux
394 3679 473 3772 (nec
492 3685 580 3751 enim
600 3683 758 3752 fumantia
776 3684 872 3752 busta

92 3778 342 3887 Clamoremque
359 3798 431 3890 rogi
449 3803 553 3891 potuit
572 3802 740 3896 perferre)
761 3802 858 3870 heato

91 3916 299 4007 Composuit,
319 3913 482 4002 Priscilla,
502 3932 598 3988 toro:
617 3921 661 3989 nil
680 3920 809 4014 longior
823 3936 899 3991 aetas

91 4032 247 4122 Carpere,
262 4032 306 4100 nil
323 4035 383 4102 aevi
400 4047 554 4126 poterunt
569 4039 683 4107 vitiare
700 4039 825 4108 labores
