2812 5258
56 420 91 477 (v.
104 420 176 482 sss.)
380 416 591 473 russamos
611 417 718 473 nisan
740 419 775 471 v.

56 546 225 612 lnstamus
235 540 325 633 jactu
341 538 499 627 telorum,
514 556 548 609 et
561 541 666 609 semea
680 541 800 610 nimbis

55 668 174 731 Certat
190 662 292 730 hiems
307 686 315 728 :
329 675 494 754 vastaeque
510 659 621 746 sudes,
638 660 798 752 fractique
811 658 965 745 molares,

56 779 277 877 Spiculaque,
296 795 330 849 et
345 779 451 850 multa
469 781 626 850 crinitum
643 778 764 849 missile
780 780 931 865 flamma,
1088 853 1091 859 ,

57 904 159 973 Nunc
172 900 303 994 pelago,
320 925 409 971 nuuc
422 925 534 994 puppe
548 899 671 969 cadunt
685 925 692 968 :
709 898 766 968 dat
778 914 894 994 operta
908 899 1072 993 fragorem

57 1022 177 1100 Pinus,
190 1036 225 1089 ct
237 1021 401 1115 abjunctis
412 1034 588 1115 regemunt
600 1018 748 1089 tabulata
762 1021 922 1088 cavernis.

107 1139 225 1209 «Talis
241 1141 455 1235 Hyperborea
473 1139 593 1209 virides
613 1142 688 1208 nive
705 1140 857 1208 verberat
875 1164 973 1234 agros

59 1261 229 1355 luppiter,
242 1261 396 1330 obruitur
409 1261 533 1353 campis
548 1284 651 1354 genus
667 1284 765 1329 omne
778 1259 937 1347 ferarum,

58 1384 302 1475 Deprensaeque
320 1377 444 1449 cadunt
464 1378 628 1463 volucres,
646 1395 680 1449 et
697 1380 810 1449 messis
828 1404 941 1449 amaro

58 1503 168 1571 Strata
188 1499 264 1595 gelu
283 1525 291 1566 ε
313 1497 425 1593 fragor
443 1497 520 1569 inde
533 1499 642 1594 jugis,
661 1497 739 1568 inde
755 1499 906 1569 amnibus
926 1501 992 1568 irae.

107 1623 185 1690 «Ut
203 1644 281 1688 vero
298 1617 384 1688 elisit
402 1619 507 1689 nubes
522 1623 603 1689 Jove
621 1635 728 1689 tortus
747 1619 790 1689 ab
809 1619 876 1690 alto

59 1743 167 1836 ignis,
185 1756 219 1809 et
237 1742 385 1835 ingentes
406 1754 540 1833 patuere
558 1742 593 1809 in
612 1739 737 1811 lumine
756 1757 881 1829 nautae,

56 1860 236 1954 Diriguere
254 1861 374 1944 animi,
394 1859 611 1951 manibusque
627 1860 765 1929 horrore
784 1863 927 1931 remissis

56 1984 163 2049 Arma
182 1977 286 2047 aliena
304 1976 427 2047 cadunt
446 2004 454 2047 :
475 1977 614 2047 redeunt
631 1981 665 2049 in
684 1995 819 2072 pectora
835 2004 942 2050 sexus.

56 2098 237 2169 Cernimus
255 2095 423 2183 AEacidas,
442 2098 610 2191 murisque
629 2100 771 2168 immane
792 2101 971 2168 minantem

60 2222 236 2303 Ancaeum,
255 2231 288 2285 et
307 2215 408 2311 longa
425 2215 600 2310 pellentem
618 2217 754 2311 cuspide
773 2244 872 2313 rupes

61 2337 194 2431 lphiton
213 2361 220 2402 :
240 2337 380 2411 attonito
399 2335 590 2406 manifestus
609 2339 643 2405 in
661 2340 792 2431 agmine
810 2364 911 2432 supra
929 2354 979 2410 est

61 2454 387 2550 Amphitryoniades,
406 2481 615 2552 puppemque
635 2457 780 2528 alternus
799 2461 965 2552 utrimque

62 2578 236 2669 lugi-uvat,
253 2590 286 2644 et
302 2574 427 2645 medias
444 2575 539 2645 ardet
558 2575 753 2648 descendere
770 2580 806 2647 in
826 2579 943 2649 undas.

62 2698 106 2763 At
122 2693 220 2781 levis,
237 2708 272 2764 et
289 2696 415 2763 misere
434 2693 583 2764 nondum
601 2698 682 2764 mihi
701 2712 800 2766 notus
819 2701 916 2767 Iason

61 2816 219 2884 Transtra
234 2829 341 2909 peret
358 2838 484 2897 remos,
501 2816 723 2908 impressaque
740 2830 832 2908 terga
848 2818 1014 2903 virorum,

62 2934 161 3004 Nunc
178 2957 337 3029 magnum
356 2934 531 3019 OEnidcn,
551 2958 640 3003 nunc
659 2932 714 3002 ille
734 2935 919 3005 hortatibus
938 2935 1048 3022 Idam,

62 3057 106 3123 Et
121 3052 279 3141 Talaum,
298 3067 331 3123 et
348 3078 430 3122 cana
447 3067 614 3122 rorantem
633 3053 827 3148 adspergine
845 3058 940 3147 ponti

60 3173 271 3269 Tyndariden
290 3177 429 3259 iterans,
449 3172 612 3269 gelidique
631 3176 666 3241 in
684 3174 773 3243 nube
790 3177 935 3268 parentis

61 3292 145 3364 Vela
158 3292 362 3363 laborantem
376 3291 490 3362 Calain
507 3293 700 3363 subnectere
713 3292 816 3380 malo,

39 3486 44 3497 ,
61 3416 153 3482 Voce
171 3438 336 3507 manuque
354 3428 451 3508 rogat
469 3440 477 3481 ε
495 3416 649 3507 quatiunt
667 3413 863 3508 impulsibus
882 3415 929 3485 illi

60 3534 159 3603 Nunc
177 3532 278 3620 freta,
297 3558 387 3604 nunc
405 3557 519 3602 muros
540 3559 547 3602 :
567 3533 623 3602 sed
641 3559 703 3603 nec
721 3538 908 3629 spumantia
928 3537 1050 3607 cedunt

63 3654 227 3746 AEquora,
244 3666 277 3721 et
295 3654 432 3723 incussae
451 3651 590 3722 redeunt
607 3677 626 3720 a
645 3655 791 3725 turribus
810 3656 923 3725 hasta.

59 3774 134 3867 lpse
153 3796 270 3867 graves
287 3771 423 3855 fluctus,
442 3771 637 3866 clavumque
654 3773 768 3843 audire
786 3792 961 3871 negantem

60 3894 176 3961 lassat
195 3915 294 3985 agam
310 3891 448 3986 Tiphys,
464 3890 645 3986 palletque,
662 3907 695 3962 et
712 3892 854 3988 plurima
871 3912 977 3966 mutat

62 4012 223 4106 imperia,
241 4036 280 4079 ac
299 4009 397 4079 laevas
413 4010 609 4104 dextrasque
628 4014 804 4109 obtorquet
822 4017 857 4085 in
875 4016 980 4085 undas
