2812 5258
195 429 298 493 (⁹³⁶5)
498 431 707 487 THEBAIDOS
729 432 839 486 LIBER
858 433 908 485 vt.
1180 429 1214 485 85

185 554 275 624 Bella
295 568 451 622 movent:
472 553 579 622 medio
598 555 720 646 conjux
740 569 804 622 stat
823 553 964 621 candida
983 569 1078 645 prato

185 677 350 742 Victorem
369 688 580 766 exspectans:
598 688 758 766 rumpunt
776 672 898 740 obnixa
916 671 1060 740 furentes

184 796 340 878 Pectora,
358 792 470 860 subdit
487 816 580 859 amor
598 791 765 878 stimulos,
784 805 817 859 et
835 789 971 858 vulnera
991 807 1093 858 sanat.

184 908 347 979 Fulminei
366 912 412 978 sie
432 910 530 978 dente
548 935 639 994 sues,
661 912 707 978 sic
724 910 856 1003 hispida
875 925 986 1002 turpes

185 1028 302 1098 Puelia
321 1027 445 1097 villosis
465 1032 580 1096 ineunt
598 1027 822 1121 complexibus
840 1030 918 1096 ursi.

233 1150 292 1216 Vis
310 1148 422 1215 eadem
439 1149 580 1215 OEnidae
600 1173 607 1213 :
628 1172 687 1216 nec
706 1145 792 1231 sole,
813 1163 870 1214 aut
892 1146 1026 1241 pulvere
1044 1147 1128 1215 fessa

183 1267 335 1335 Membra
352 1266 487 1334 labant:
508 1268 593 1360 riget
609 1281 701 1334 arcta
718 1267 822 1354 cutis,
840 1267 996 1359 durisque
1016 1265 1166 1335 laborum

185 1389 351 1479 Castigata
370 1387 451 1452 toris
471 1411 478 1452 :
498 1400 612 1454 contra
630 1410 696 1453 non
719 1389 845 1480 integer
864 1385 919 1453 ille

184 1503 331 1575 Flatibus
347 1503 481 1572 alternis
499 1529 652 1598 aegroque
669 1505 799 1574 effoetus
818 1507 911 1574 biatu

183 1628 284 1694 Exuit
301 1627 443 1718 ingestas
462 1624 562 1693 fluvio
582 1625 712 1694 sudoris
732 1652 865 1714 arenas,

184 1748 232 1813 Ac
250 1744 362 1812 furtim
382 1759 477 1838 rapta
497 1760 658 1813 sustentat
676 1762 810 1839 pectora
831 1762 930 1814 terra.

232 1866 337 1934 Instat
351 1888 450 1959 agens
471 1863 620 1954 Tydeus,
639 1864 818 1958 fictumque
837 1869 872 1934 in
890 1865 975 1935 colla
993 1868 1135 1934 minatus

186 1988 294 2054 Crura
314 1983 401 2051 subit
419 2009 426 2050 ε
444 1983 559 2074 coeptis
578 2006 644 2051 non
666 1983 816 2052 evaluere
833 1986 933 2078 potiri

185 2107 212 2173 F
213 2117 364 2172 rustratae
384 2104 545 2171 brevitate
565 2127 705 2172 manus:
725 2105 815 2172 venit
832 2104 954 2172 arduus
972 2102 1026 2171 ille

185 2227 349 2316 Desuper,
368 2247 630 2317 oppressumque
647 2225 788 2317 ingentis
807 2223 893 2293 mole
911 2225 1015 2293 ruinae

186 2341 366 2413 Condidit:
386 2343 477 2411 haud
495 2342 591 2411 aliter
609 2341 702 2413 collis
721 2359 885 2413 scrutator
902 2345 988 2413 Iberi

186 2464 299 2551 Quum
317 2463 437 2549 subiit,
457 2461 620 2557 longeque
637 2463 741 2552 diem,
757 2467 923 2558 vitamque
937 2464 1090 2559 reliquit,

186 2584 220 2651 Si
238 2584 374 2650 tremuit
392 2607 567 2676 suspensus
586 2608 679 2678 ager,
694 2585 905 2678 subitumque
924 2584 1090 2679 fragorem

186 2706 298 2798 Rupta
315 2702 406 2770 dedit
428 2701 543 2790 tellus,
562 2701 643 2770 latet
661 2706 749 2771 intus
769 2719 881 2772 monte
901 2703 1010 2771 soluto

186 2824 352 2912 Obrutus,
375 2846 413 2892 ac
430 2825 562 2918 penitus
583 2823 724 2892 fractum
741 2822 988 2914 obductumque
1004 2821 1146 2889 cadaver

186 2944 419 3040 Indignantem
435 2946 582 3013 animum
597 2944 741 3037 propriis
761 2967 829 3010 non
844 2939 989 3010 reddidit
1007 2941 1113 3008 astris.

237 3066 354 3134 Acrior
372 3065 436 3133 hoc
453 3064 603 3157 Tydeus,
623 3065 808 3156 animisque
825 3077 857 3130 et
877 3075 1009 3156 pectore
1024 3083 1125 3154 supra
1139 3076 1198 3129 est.

188 3185 258 3252 Nec
275 3210 384 3269 mora,
407 3209 481 3252 cum
500 3183 618 3252 vinclis
637 3185 796 3276 onerique
814 3181 946 3276 elapsus
965 3182 1082 3272 iniquo

191 3306 355 3373 Circumit
370 3320 556 3392 errantem,
575 3320 608 3373 et
626 3319 720 3400 tergo
741 3330 803 3372 nec
822 3305 943 3398 opinus
959 3303 1118 3372 inhaeret:

188 3426 269 3491 Mox
287 3424 390 3513 latus,
411 3440 444 3493 et
463 3424 560 3493 firmo
579 3424 666 3494 celer
686 3424 834 3520 implicat
852 3423 908 3492 ilia
925 3449 1031 3513 nexu,
1101 3471 1105 3479 -

188 3543 373 3637 Popiitibus
392 3570 501 3640 genua
519 3545 595 3614 inde
611 3570 763 3640 premens
781 3544 921 3614 evadere
941 3545 1045 3614 nodos

187 3663 418 3754 Nequicquam
435 3680 469 3733 et
484 3664 578 3734 lateri
596 3665 744 3735 dextram
764 3668 926 3735 insertare
943 3679 1115 3759 parantem

189 3779 383 3872 Improbus,
400 3782 604 3854 horrendum
621 3787 693 3854 visu
712 3811 751 3854 ac
766 3785 920 3855 mirabile
935 3784 1084 3879 pondus,

188 3892 340 3970 Sustulit·
363 3902 531 3972 Herculeis
543 3930 693 3999 pressum
712 3910 758 3976 sic
777 3906 864 3975 fama
880 3904 1012 3974 lacertis

189 4023 408 4115 Terrigenam
426 4024 558 4095 sudasse
576 4027 702 4120 Libyn,
721 4052 824 4119 quum
844 4027 960 4095 fraude
980 4035 1110 4116 reperta
