2812 5258
101 416 136 474 o.
150 415 218 479 ns.)
406 415 617 473 rnnmmos
640 416 748 473 tmen
772 418 824 473 rx.
1081 429 1133 490 ur

102 536 369 633 Hippomedonta
387 564 505 608 manus
526 567 533 609 :
553 565 621 609 uon
637 539 730 608 illum
750 541 892 636 impacta
912 559 1084 613 moverent

100 660 280 726 Tormenta
296 662 505 753 oppositum,
525 656 759 752 formidatique
778 659 928 752 superbis

98 779 260 846 Turribus
277 780 436 872 impulsus
455 791 583 847 tentato
601 780 745 848 umbone
764 777 936 848 redissent.

99 896 164 965 Sed
184 921 309 966 memor
328 895 430 994 Elysii
448 898 553 992 regis,
572 923 740 992 noxasque
759 913 909 968 retexens

100 1016 248 1109 Tydeos,
266 1019 300 1085 in
318 1016 443 1088 medios
463 1032 536 1087 astu
557 1018 645 1086 subit
663 1019 764 1113 impia
782 1043 917 1113 campos

98 1139 275 1232 Tisiphone
294 1164 302 1206 ε
323 1163 455 1207 sensere
474 1139 580 1225 acies,
599 1139 792 1232 subitusque
810 1142 957 1209 cucurrit

98 1258 207 1325 Sudor
220 1260 333 1351 equis,
352 1256 520 1351 sudorque
536 1258 616 1326 viris
633 1282 642 1325 ε
661 1281 852 1352 quanquam
870 1243 1083 1328 ore'remisso

97 1378 270 1446 Inachium
290 1376 435 1472 lingebat
453 1375 559 1471 Halyn
579 1401 766 1471 :nusquam
786 1379 907 1472 impius
927 1379 1030 1473 ignis,>

96 1495 329 1589 Verberaque‚
349 1511 382 1565 et
393 1496 475 1589 jussi
494 1511 629 1566 tenuere
647 1496 776 1566 silentia
796 1499 914 1568 crines.

97 1619 201 1685 Arma
218 1618 315 1710 gerit,
332 1618 492 1711 juxtaque
510 1616 570 1685 seri
590 1615 676 1686 latus
690 1603 966 1712 Hippomedontis

95 1734 221 1805 Blanda
240 1761 356 1830 genas,
377 1761 554 1830 vocemque
572 1738 660 1806 venit
678 1761 687 1805 ε
706 1751 816 1806 tamen
837 1736 891 1807 ille
910 1735 1076 1831 loquentis

96 1858 255 1925 Extimuit
275 1854 405 1943 vultus,
423 1855 670 1950 admiraturque
687 1858 849 1927 timorem.

97 1973 157 2044 llle
172 1990 281 2043 autem
295 1975 500 2067 lacrymans,
520 1977 597 2042 «Tu
616 1999 725 2062 nunc,
741 1978 805 2064 ait,
825 1977 960 2072 inclyte,
987 1977 1108 2046 frustra

97 2094 271 2162 Exanimes
291 2094 414 2180 socios,
435 2093 672 2186 inhumataque
690 2118 832 2189 corpora
851 2098 991 2165 Graium

97 2212 244 2303 (Scilicet
261 2216 288 2281 is
306 2214 401 2281 nobis
420 2212 547 2281 metus?
565 2224 623 2282 aut
638 2214 708 2305 jam
728 2238 807 2284 cura
826 2214 1015 2310 sepulcril)

96 2335 265 2428 Protegis3
283 2334 355 2428 ipse
374 2358 474 2402 manu
493 2334 592 2426 Tyria
613 2334 673 2401 tibi
689 2349 804 2428 captus
822 2335 984 2406 Adrastus

96 2457 270 2549 Raptatur‚
292 2468 389 2546 teque
406 2467 482 2520 ante
499 2450 596 2539 alios,
616 2466 648 2521 te
666 2477 765 2542 voce,
784 2479 950 2549 manuque

96 2577 256 2642 Invocat:
274 2573 339 2641 beu
356 2571 488 2665 qualem
507 2570 633 2666 lapsare
651 2574 686 2641 in
706 2577 865 2668 sanguine
880 2575 967 2661 vidi,

94 2696 237 2761 Exutum
256 2716 357 2760 canos
376 2689 485 2759 lacero
505 2689 690 2760 diademate
706 2689 831 2760 crines!

95 2812 145 2880 Ne
161 2810 275 2906 procul
290 2811 384 2897 hinc,
404 2809 537 2877 adverte
557 2807 670 2876 oculos
690 2833 698 2873 ε
718 2810 775 2877 ubi
795 2808 956 2902 plurimus
975 2809 1030 2878 ille

94 2931 221 3020 Pulvis,
242 2934 299 3000 ubi
320 2930 375 3000 ille
395 2929 533 3025 globus:
549 2958 566 2992 »
584 2926 733 3022 paullum
748 2929 838 2995 stetit
852 2930 969 2998 anxius
986 2930 1103 3016 heros,

93 3053 317 3145 Librabatque
329 3064 455 3118 metus:
471 3049 590 3143 premit
607 3071 721 3139 aspera
739 3049 832 3140 virgo
850 3048 993 3137 :nQuid
1005 3048 1128 3118 haeres?

93 3172 203 3240 Imus?
221 3195 264 3240 an
284 3171 317 3238 bi
336 3171 480 3237 retinent
495 3167 631 3237 manes?
649 3182 683 3235 et
700 3165 796 3236 vilior
811 3165 865 3236 ille

94 3293 161 3379 Qui
182 3289 381 3387 superestis
398 3291 557 3359 Miserum
576 3288 673 3356 sociis
690 3310 789 3381 opus,
809 3301 842 3354 et
860 3312 920 3355 sua
939 3287 1075 3358 mandat

93 3411 230 3495 Proelia,
250 3427 283 3480 et
302 3410 449 3480 unanimi
471 3408 562 3476 vadit
577 3407 725 3476 desertor
744 3407 862 3493 amici,

93 3533 284 3623 Respiciens
299 3547 427 3618 umen,
444 3543 477 3598 et
496 3542 654 3597 revocent
671 3528 698 3595 si
717 3526 802 3595 lorte
817 3542 961 3621 paratus.

94 3648 177 3718 lude
195 3648 307 3742 legens
321 3650 458 3745 ⁸turbata
478 3648 579 3718 trucis
598 3649 734 3741 vestigia
753 3649 867 3734 Diva,

96 3773 169 3838 Huc
189 3767 266 3836 illuc
282 3766 404 3838 frustra
421 3772 490 3839 ruit
504 3769 599 3838 avius
615 3768 739 3863 :impia
757 3767 861 3837 donec

94 3886 251 3959 Eumenis
269 3912 308 3956 ex
325 3887 429 3992 oculis
449 3890 571 3980 rejecta
587 3885 706 3957 coerula
722 3910 838 3982 parma

94 4012 211 4106 Fugit,
229 4024 263 4078 et
279 4008 445 4077 innumeri
467 4000 595 4103 galeam
613 4030 732 4100 rupere
750 4019 895 4077 cerastae.

930 4149 981 4195 ro.
