2812 5258
310 373 365 431 162
614 364 827 426 musmos
847 365 957 421 mun
978 364 1030 420 tx.
1231 363 1265 426 (v.
1280 363 1347 426 595.)

305 503 378 570 Ora
395 497 525 584 ferens,
541 493 647 564 multo
665 494 866 588 proscissam
885 489 1023 560 vulnere
1037 490 1144 558 oernit

309 619 506 713 Deposuisse
522 638 669 700 comam,
688 633 722 682 et
741 626 893 682 rorantes
911 611 1073 705 sauguine
1092 632 1204 682 ramos

305 739 496 834 Exspirasse
511 735 582 805 solo
601 761 610 804 ε
626 735 789 830 qraerenti
807 732 966 830 Nympha
982 746 1139 802 cruentas

305 859 492 946 Maenadas,
512 871 612 952 stque
629 857 760 926 hostem
782 855 867 924 dixit
881 855 1013 924 saerisse
1029 856 1178 948 Lyaeum.

305 983 396 1052 Dum
414 980 537 1075 gemit,
553 993 588 1047 et
607 976 745 1072 planctu
758 975 946 1047 circumdat
962 989 1078 1070 pectus
1096 975 1187 1041 inani
1201 1024 1210 1060 ,

304 1083 480 1197 abrupere
498 1097 587 1170 oculi
608 1113 758 1184 noctem,
778 1112 962 1191 moestoque
981 1093 1083 1165 cubili

303 1220 437 1308 Exsilit,
457 1237 491 1292 et
509 1219 610 1290 falsos
628 1221 749 1314 quaerit
766 1243 827 1313 per
842 1217 972 1287 lumina
988 1216 1094 1287 fletus.

352 1346 443 1437 Ergo
461 1357 501 1411 ut
517 1343 553 1411 iu
572 1365 671 1410 amus
688 1338 779 1410 nefas
799 1364 909 1409 merso
926 1354 978 1408 ter
995 1341 1089 1407 crine
1104 1338 1226 1431 piavit,

303 1463 480 1557 Verbaque
496 1461 652 1533 sollicitas
669 1477 816 1532 matrum
834 1460 975 1530 solantia
994 1486 1091 1530 curas

302 1584 458 1671 Addidit,
476 1599 612 1653 armatae
631 1585 701 1652 ruit
716 1583 758 1651 sd
776 1581 916 1651 delubra
935 1584 1069 1668 Dianae,

303 1709 393 1775 Rure
409 1704 471 1774 sub
489 1709 580 1792 Eoo,
598 1719 760 1798 notasque
779 1728 820 1773 ex
834 1705 953 1772 ordine
971 1703 1087 1786 silvas,

303 1829 346 1895 Et
364 1851 523 1920 quereum
545 1828 658 1922 gavisa
674 1825 765 1896 ridet
780 1851 788 1895 :
805 1819 886 1895 tunc
904 1824 1018 1896 limine
1036 1829 1131 1897 Divae

304 1946 458 2034 Adstitit,
475 1963 510 2017 et
524 1947 580 2017 tali
598 1949 822 2043 nequicquam
836 1973 918 2018 voce
932 1963 1108 2044 precatur:

352 2069 484 2164 «Virgo
501 2084 619 2164 potens
638 2095 831 2160 nemorum,
850 2073 945 2166 eujus
963 2098 1033 2141 non
1054 2070 1168 2142 mollia
1183 2075 1279 2168 signu

303 2190 527 2284 Militiamque
545 2207 691 2280 trucem,
713 2217 827 2262 sexum
846 2191 1037 2289 indignata,
1057 2195 1250 2288 frequento,

302 2313 400 2380 More
418 2310 501 2380 nihil
520 2313 644 2395 Grai03
662 2336 723 2380 uec
739 2326 772 2380 te
788 2336 868 2405 gens
886 2337 1002 2405 aspera
1023 2317 1090 2383 ritu

302 2431 453 2518 Colchis,
474 2432 702 2501 Amazoniaeve
720 2432 827 2525 magis
840 2429 973 2501 coluere
987 2449 1149 2503 caterva:

303 2555 337 2623 Si
353 2552 435 2621 mihi
454 2575 523 2620 uon
542 2573 690 2642 unquam
719 2548 838 2637 thiasi,
855 2550 995 2622 ludusve
1010 2538 1174 2647 protervae

305 2677 440 2756 Noctis,
459 2687 494 2741 et
510 2672 619 2741 inviso
637 2675 791 2766 quamvis
810 2687 971 2745 temerata
990 2673 1109 2759 cubili,

307 2799 335 2865 N
338 2822 382 2865 on
402 2810 513 2863 tamen
531 2808 590 2864 aut
607 2809 725 2864 teretes
743 2794 893 2889 thyrsos,
913 2811 970 2865 aut
989 2773 1102 2866 mollia
1121 2797 1204 2890 gessi

304 2891 430 3005 Pensa,
450 2916 506 2986 sed
524 2919 560 2986 in
579 2918 704 2987 tetricis
719 2932 752 2986 et
772 2933 846 3012 post
861 2917 1029 2986 connubio
1043 2916 1176 3005 lustris,

303 3042 357 3110 Sic
373 3062 507 3133 quoque
527 3041 694 3126 venatrix,
716 3041 928 3132 animumque
947 3040 1090 3131 innupta
1107 3044 1271 3108 remansi:

305 3164 374 3232 Nee
394 3160 475 3228 mihi
490 3160 622 3230 secretis
639 3157 773 3252 culpam
789 3155 955 3226 occultare
972 3160 1033 3226 sub
1048 3162 1153 3228 antris

302 3284 411 3366 Cura,
431 3279 488 3349 sed
505 3279 635 3349 ostendi
656 3293 789 3362 natum,
810 3280 970 3372 posuique
990 3294 1182 3348 trementem

305 3403 388 3469 Ante
406 3415 481 3468 tuos
500 3399 650 3469 confessa
669 3397 769 3496 pedes
788 3425 796 3465 :
818 3423 880 3467 nec
901 3399 1047 3494 degener
1065 3399 1120 3468 ille

302 3522 500 3614 Sanguinis,
518 3522 619 3612 inque
638 3543 730 3587 meos
747 3522 890 3613 reptavit
907 3521 1060 3613 protinus
1079 3544 1194 3607 arcus,

301 3639 379 3709 Tela
400 3662 482 3734 puer
503 3638 656 3733 lacrymis
674 3655 707 3709 et
726 3642 835 3736 prima
854 3664 936 3708 voce
952 3643 1112 3735 poposcit.

297 3765 399 3842 Hune
411 3761 493 3828 mihi
506 3757 602 3853 (quid
613 3760 750 3855 trepide
763 3775 891 3846 noctes,
904 3784 1107 3853 somnusque
1120 3760 1343 3855 minanturi),

291 3880 415 3967 Hunc,
432 3906 561 3976 precor,
584 3881 701 3950 audaci
721 3885 777 3975 qui
797 3906 887 3952 nunc
904 3881 947 3950 ad
966 3882 1083 3975 proelia
1103 3899 1182 3952 voto

301 4008 374 4072 Heu
395 4003 536 4072 nimium
551 4002 610 4072 tibi
628 4003 707 4072 fisus
728 4004 813 4093 abit,
833 4001 875 4071 da
893 4005 999 4072 visere
1016 4003 1094 4071 belli
