2812 5258
90 489 208 549 (vaus
403 483 617 540 ruuannos
640 483 749 540 nmen
772 485 809 537 x.
1086 504 1138 559 uo
1210 535 1216 545 ,

91 615 217 700 Arbor,
238 627 271 681 et
289 612 422 680 attoniti
441 635 578 679 currum
601 632 735 678 erexere
755 607 877 677 leones.

140 737 289 804 Ventum
308 731 350 801 ad
370 730 503 801 concilii
521 729 707 825 penetrale,
728 729 932 824 domumque
950 731 1125 800 verendam

89 858 290 950 Signorum,
305 855 435 949 magnis
455 853 511 922 ubi
530 851 659 922 dudum
680 850 830 922 cladibus
848 876 949 946 teger,

89 980 216 1046 Rerum
236 990 384 1045 extrema
403 999 558 1060 movens,
579 973 703 1042 frustra
724 972 890 1043 consultat
908 971 1082 1043 Adrastus.
1193 978 1197 985 ’

89 1100 184 1166 Stant
201 1099 326 1166 circum
343 1097 444 1167 subiti
462 1118 631 1189 proceres,
652 1108 689 1161 ut
710 1094 849 1186 quisque
867 1108 1016 1186 peremto

88 1193 281 1305 Proximus,
299 1232 333 1286 et
352 1216 482 1310 magnis
500 1212 575 1284 loca
593 1211 741 1283 desolata
757 1227 894 1282 tuentur

87 1341 251 1435 Regibus,
269 1337 361 1408 baud
381 1336 463 1423 leti,
482 1361 584 1430 seque
601 1337 668 1405 buc
688 1337 833 1404 crevisse
853 1334 1012 1405 dolentes.

88 1463 167 1531 Non
187 1485 282 1529 secus
298 1461 419 1528 amisso
437 1458 584 1528 medium
604 1482 708 1552 quum
726 1455 867 1551 praeside
887 1458 1010 1551 puppis

88 1582 203 1674 Fregit
224 1582 307 1664 iter,
327 1580 416 1649 subit
436 1578 478 1649 ad
496 1580 589 1648 vidui
609 1577 838 1648 moderamina
856 1575 941 1646 clavi

62 1767 66 1776 .
87 1706 157 1770 Aut
177 1699 318 1770 laterum
338 1715 467 1789 custos,
487 1715 547 1770 ant
563 1725 663 1794 quem
684 1725 786 1795 penes
806 1700 906 1769 obvia
923 1715 1028 1795 ponto

86 1826 191 1892 Prora
207 1822 270 1891 suit
288 1848 296 1891 ε
315 1837 427 1916 stupet
448 1825 519 1916 ipsa
537 1823 638 1909 ratis,
659 1821 817 1914 tardeque
837 1836 1023 1915 sequuntur

87 1946 208 2031 Arma,
228 1967 291 2011 nec
312 1941 441 2012 accedit
459 1942 597 2010 domino
615 1941 722 2012 tutela
740 1944 873 2012 minori.

87 2066 177 2158 Ergo
194 2062 305 2133 alacer
326 2062 473 2157 trepidos
490 2065 538 2132 sic
555 2065 654 2159 erigit
672 2087 780 2158 augur
798 2063 944 2133 Achivos
964 2091 972 2132 ι

130 2213 147 2246 a
159 2187 285 2279 Magna
304 2184 404 2253 deum
423 2184 598 2272 mandata,
613 2184 959 2278 duces,m0nitusque
971 2187 1133 2257 verendos

86 2304 291 2374 Advehimus
309 2331 317 2373 ε
336 2330 403 2374 non
420 2306 472 2374 hta
488 2321 602 2375 nostro
618 2306 661 2374 de
679 2321 814 2400 pectore
831 2332 938 2377 voces.

86 2422 145 2494 llle
165 2427 274 2511 canit,
295 2426 349 2495 cui
370 2451 422 2494 me
442 2424 615 2512 famulari,
634 2442 669 2496 et
687 2453 817 2498 sumere
837 2431 935 2498 vittas

86 2548 206 2615 Vestra
224 2545 320 2633 fides,
339 2548 415 2646 ipso
433 2571 501 2616 non
522 2547 747 2638 discordante,
767 2553 909 2646 subegit.

87 2667 162 2735 Nox
181 2666 334 2737 foecunda
356 2692 516 2762 operum,
533 2668 748 2764 pulchraeque
767 2674 983 2741 accommoda
1001 2672 1109 2742 fraudi

85 2786 250 2857 Panditur
267 2790 408 2884 augurio
427 2789 551 2858 Divum
574 2815 582 2856 :
604 2805 701 2859 vocat
720 2792 817 2859 obvia
838 2794 965 2878 virtus,
1023 2778 1025 2783 ’

86 2911 129 2978 Et
143 2910 249 3001 poscit
265 2913 414 2979 Fortuna
436 2934 554 2978 manus
573 2936 581 2979 ε
602 2925 713 3006 stupet
732 2912 853 2981 obruta
871 2939 988 2982 somno

87 3029 255 3099 Aonidum
271 3028 358 3125 legio
375 3055 384 3100 ε
403 3045 533 3126 tempus
551 3056 641 3101 nunc
661 3031 779 3102 funera
795 3057 913 3128 regum

88 3148 231 3240 Ulcisci,
247 3151 474 3245 miserumque
494 3152 581 3221 diem
600 3179 608 3221 :
631 3155 737 3248 rapite
753 3179 867 3241 arma,
883 3178 1060 3249 morasque

86 3272 243 3367 Frangite
259 3286 436 3367 portarum
456 3301 464 3341 ε
485 3275 582 3345 sociis
601 3274 666 3344 boc
687 3275 828 3344 subdere
846 3274 1015 3363 flammas,

85 3393 159 3461 Hoc
178 3391 345 3463 tumulare
360 3418 439 3464 suos
458 3419 466 3463 τ
484 3395 638 3490 equidem
659 3397 723 3466 boc
741 3412 775 3466 et
793 3401 903 3467 Marte
918 3396 1040 3467 diurno

84 3514 177 3581 Dum
195 3537 247 3582 res
266 3514 434 3602 infractae,
452 3515 607 3611 pulsique
625 3520 660 3586 in
678 3534 772 3614 terga
788 3519 954 3605 redimus,

85 3629 171 3728 (Per
191 3632 338 3726 tripodas
354 3637 452 3729 juro,
472 3652 507 3708 et
526 3641 613 3734 rapti
632 3664 720 3709 nova
738 3641 807 3710 fata
827 3640 1015 3737 magistri,)

85 3749 185 3838 Vidi,
205 3766 238 3820 et
256 3777 311 3821 me
331 3756 482 3828 volueres
502 3760 628 3829 circum
649 3759 801 3854 plausere
820 3761 984 3832 secundae.

85 3870 153 3944 Sed
171 3898 261 3942 nunc
278 3889 368 3944 certa
386 3877 468 3947 fides
486 3905 495 3948 ι
515 3879 616 3949 modo
633 3906 687 3951 me
704 3882 767 3951 sub
786 3897 883 3952 nocte
900 3882 1008 3952 silenti

85 3995 180 4088 Ipse,
200 3995 271 4090 ipse
289 4019 463 4091 assurgens
482 3999 603 4070 iterum
620 4000 742 4072 tellure
761 4001 889 4091 soluta,

84 4114 203 4205 Qualis
221 4133 295 4187 erat
310 4115 418 4216 (solos
437 4118 600 4190 infecerat
619 4121 738 4191 uuibra
753 4121 919 4217 jugales),

948 4269 998 4313 12.
