2812 5258
190 389 222 450 (a.
239 389 307 451 ur.)
487 388 740 444 acnunnioos
760 386 870 443 uana
890 389 913 442 1.
1000 390 1004 395 ¹
1158 391 1213 447 2⁶3

175 512 345 585 ,cenouri
365 509 491 581 stabula
511 510 577 583 alta
596 526 727 605 patent,
747 536 814 580 non
832 535 925 604 aequa
945 512 1094 581 nefandis

189 633 379 700 Fratribus:
397 631 451 700 hic
468 631 640 701 bominum
656 630 765 701 nullos
782 645 916 724 experta
933 654 1067 702 cruores

189 750 341 846 Spicula,
356 775 417 820 noc
433 765 557 821 truncas
575 749 667 820 bellis
688 748 871 845 genialibus
892 753 985 834 orni,

188 876 256 941 Aut
273 871 533 966 consanguineos
553 869 648 941 fracti
667 882 808 939 crateres
826 870 861 938 in
880 870 1010 956 bostes;

189 989 253 1060 Sed
269 990 430 1083 pharetrae
444 992 610 1074 insontes,
627 1003 661 1058 et
678 990 788 1057 inania
805 1002 896 1083 terga
912 989 1065 1058 serarum.

188 1113 265 1178 Haec
278 1132 410 1204 quoque
424 1109 505 1178 dum
519 1105 649 1191 viridis3
662 1131 739 1176 nam
751 1131 841 1176 nunc
855 1104 949 1176 labor
964 1133 1050 1179 unus
1066 1109 1184 1178 inermi

187 1231 292 1299 Nosse
308 1223 492 1297 salutiferas
509 1225 619 1296 dubiis
634 1226 857 1296 animantibus
874 1228 1011 1314 herbas,

187 1352 254 1416 Aut
272 1360 458 1415 monstrare
477 1343 548 1439 lyra
564 1360 689 1415 veteres
709 1345 828 1417 beroae
847 1343 992 1416 alumno.

236 1469 282 1534 At
301 1479 381 1534 tunc
402 1479 521 1535 venatu
541 1463 725 1535 rediturum
743 1468 778 1534 in
797 1465 910 1536 limine
927 1468 1035 1561 primo

187 1584 386 1677 Opperiens,
402 1599 624 1678 properatque
640 1583 757 1679 dapes,
776 1584 935 1680 largoque
952 1599 1082 1656 serenat

186 1707 268 1797 Igne
288 1702 423 1772 domum
440 1729 448 1770 :
463 1727 566 1796 quum
587 1705 656 1772 visa
674 1702 790 1797 procul
810 1704 853 1773 de
870 1703 969 1774 litore
989 1719 1094 1774 mater

187 1823 320 1912 Nereis,
340 1823 485 1915 erumpit
502 1821 592 1891 silvis
608 1849 616 1890 ι
633 1821 714 1891 dant
732 1822 854 1917 gaudia
871 1825 978 1911 vires,

185 1943 345 2032 Metaque
360 1940 497 2009 desueto
511 1941 643 2033 crepuit
658 1943 745 2009 senia
761 1939 886 2034 ungula
901 1965 1031 2035 campo.

185 2063 279 2128 Tunc
294 2057 433 2132 blandus
451 2057 583 2144 dextra,
598 2072 697 2152 atque
712 2060 795 2127 imos
811 2059 990 2128 submissus
1006 2061 1042 2127 in
1056 2082 1165 2127 armos

187 2151 391 2271 Pauperibus
406 2177 501 2246 tectis
515 2175 659 2264 inducit,
675 2191 709 2245 et
723 2176 878 2245 admovet
893 2177 1007 2246 antris.

232 2295 432 2366 Jamdudum
449 2296 550 2365 tacito
571 2294 688 2364 lustrat
703 2297 817 2365 Thetis
836 2297 945 2366 omnia
965 2298 1055 2383 visu3

186 2417 255 2516 lieo
272 2439 425 2509 perpessa
443 2437 577 2484 moras:
597 2415 776 2484 «Ubinam
793 2437 866 2484 mea
888 2417 1047 2510 pignora,
1067 2415 1213 2486 Chiron?

186 2535 267 2621 Dic,
286 2535 352 2620 ait,
372 2548 507 2603 auteur
527 2531 593 2602 ulla
611 2558 698 2627 puer
710 2533 780 2628 jam
800 2547 950 2630 tempora
968 2533 1060 2604 ducit

185 2655 231 2721 Te
250 2652 340 2721 sine?
358 2677 437 2721 num
456 2654 576 2721 merito
592 2652 742 2745 trepidus
761 2653 882 2747 sopor?
896 2669 1034 2748 atraque
1052 2655 1150 2721 matri

186 2773 286 2864 Signa
305 2772 436 2840 Deum?
453 2795 590 2865 magnos
610 2773 736 2840 utinam
754 2774 890 2840 mentita
910 2768 1057 2840 timores!

185 2891 337 2983 Namque
352 2891 432 2960 mihi
450 2890 585 2960 infestos
600 2905 697 2960 utero
712 2890 810 2960 modo
830 2907 971 2960 contuor
991 2915 1102 2977 enses,

185 3010 282 3078 Nunc
304 3007 436 3102 planctu
457 3008 556 3079 livere
574 3034 709 3096 manus,
729 3008 828 3079 modo
845 3011 878 3077 in
898 3011 998 3078 ubera
1017 3033 1117 3079 saevas

185 3131 237 3196 Ire
257 3128 342 3197 feras
358 3154 366 3195 ε
385 3152 470 3222 saepe
486 3131 572 3222 ipsa,
589 3126 694 3199 nefas!
713 3129 775 3199 aab
793 3129 905 3198 inania
921 3143 1035 3198 natum

183 3251 339 3336 Tartara,
356 3247 444 3317 etad
458 3250 582 3343 stygios
595 3251 712 3319 iterum
727 3249 798 3319 sero
813 3273 961 3343 mergere
978 3250 1094 3318 sontes.

184 3369 252 3434 Hos
268 3366 399 3436 abolere
417 3381 522 3437 metus
538 3370 657 3463 magici
672 3370 767 3461 jubet
785 3367 903 3439 ordine
916 3370 999 3438 sacri

184 3484 382 3576 Carpathius
397 3501 506 3574 vates,
521 3511 726 3582 puerumque
745 3488 806 3558 snb
823 3512 884 3558 axe
903 3487 1041 3591 probato

185 3605 323 3673 Secretis
342 3605 484 3677 lustrare
501 3607 615 3696 fretis,
635 3609 691 3678 ubi
708 3606 804 3679 litora
821 3632 948 3679 summa

184 3721 327 3810 Oceani,
344 3739 377 3794 et
391 3728 521 3820 genitor
539 3741 628 3820 tepet
647 3724 856 3797 illabentibus
872 3730 968 3798 astris

184 3844 326 3925 Pontus,
348 3843 402 3910 ubi
421 3846 542 3938 ignotis
559 3846 722 3914 horrenda
738 3847 867 3941 piacula
889 3852 1000 3932 Divis,

184 3963 345 4055 Doriaquc
361 3986 368 4028 :
383 3961 440 4029 sed
455 3961 590 4054 longum
604 3979 722 4034 cuncta
737 3991 945 4055 enumerare,
961 3983 1136 4060 vetorque3
