2812 5258
86 436 199 500 l'·5³⁵·)
385 434 595 491 THEBAIDOS
615 433 725 488 LIBER
744 432 810 486 ΧΠ.

85 558 231 627 Foederis
249 585 256 626 :
276 560 360 627 banc
379 562 493 652 patriae
511 559 595 626 ritus
613 556 748 650 fregisse
766 578 894 622 severos

86 669 239 747 Atthides
257 676 398 770 obliquae
419 702 528 748 secum
552 678 715 745 mirantur
732 689 850 767 operto

86 800 259 867 Murmure
279 825 286 866 :
305 797 394 891 quod
413 796 510 867 nitidi
531 799 656 883 crines,
672 794 763 889 quod
782 809 916 888 pectora
937 790 1024 886 palla

86 921 171 987 Tota
190 916 312 1004 latent,
331 920 458 1014 magnis
480 917 571 1012 quod
588 917 728 986 barbara
749 929 853 985 semet
866 915 1004 984 Athenis

86 1039 242 1126 Misceat,
259 1054 359 1133 atque
377 1040 464 1107 hosti
482 1028 593 1106 veniat
611 1037 760 1132 paritura
778 1036 908 1104 marito.

135 1156 288 1227 Paullum
308 1173 341 1228 et
361 1159 402 1225 ab
423 1157 554 1225 insessis
574 1170 696 1224 moestae
712 1153 903 1248 Pelopeides
921 1156 986 1223 aris

87 1282 287 1348 Promovere
304 1275 463 1371 gradum,
482 1277 665 1367 seriemque
682 1289 715 1344 et
734 1274 822 1342 dona
839 1275 999 1368 triumphi

87 1401 265 1483 Mirantur,
281 1398 426 1492 victique
445 1397 557 1465 animo
578 1396 705 1465 rediere
725 1397 847 1464 mariti.

87 1522 197 1610 Atque
218 1518 274 1586 ubi
293 1517 437 1586 tardavit
455 1542 589 1603 currus,
610 1532 643 1585 et
660 1519 701 1586 ab
721 1542 782 1585 axe
801 1516 946 1611 superbo

87 1637 249 1731 Explorat
265 1663 381 1707 causas
399 1640 523 1728 victor,
544 1639 716 1733 poscitque
735 1640 878 1732 benigna

88 1761 177 1825 Aure
195 1782 326 1851 preces,
345 1783 426 1828 ausa
445 1774 522 1828 ante
542 1758 622 1829 alias
643 1762 811 1854 Capaneia
830 1761 951 1853 conjux
970 1787 978 1827 ε

138 1908 154 1942 α
173 1877 316 1973 Belliger
333 1878 467 1973 AEgide,
488 1879 604 1949 subitae
623 1880 678 1947 cui
699 1881 841 1948 maxima
860 1877 966 1948 laudis

88 2000 222 2068 Semina
243 1997 284 2066 de
304 2000 426 2066 nostris
445 2000 551 2090 aperit
569 2002 717 2067 Fortuna
735 1999 859 2083 ruinis,

88 2119 166 2187 Non
186 2133 321 2185 externa
340 2142 463 2211 genus,
483 2117 562 2186 dirae
582 2142 641 2186 nec
660 2118 792 2186 conscia
811 2142 922 2206 noxae,

88 2237 202 2305 Turba
220 2261 333 2305 sumus
350 2262 358 2304 :
377 2236 496 2306 domus
513 2241 621 2332 Argos
638 2251 727 2325 erat,
744 2261 901 2332 regesque
919 2239 1045 2324 mariti,

88 2359 167 2427 Non
184 2358 313 2426 utinam
333 2372 366 2426 et
384 2357 485 2427 fortes
503 2385 511 2426 ε
529 2357 609 2451 quid
627 2360 715 2426 enim
735 2372 868 2452 septena
888 2382 1022 2427 movere

89 2480 227 2561 Castra,
244 2493 278 2545 ct
294 2484 485 2574 Agenoreos
503 2504 587 2572 opus
605 2479 782 2549 emendare
800 2478 957 2573 penates?

90 2599 160 2666 Nec
173 2599 345 2691 querimur
363 2623 463 2668 caesos
482 2625 489 2666 :
508 2600 578 2668 baec
596 2599 713 2668 bellica
729 2601 824 2692 jura,
839 2601 992 2692 vicesque

90 2720 291 2786 Armorum:
310 2717 365 2787 sed
385 2743 452 2787 non
471 2716 589 2787 Siculis
607 2734 721 2787 exorta
739 2720 800 2788 suh
819 2720 922 2787 antris

90 2840 260 2925 Monstra,
279 2863 339 2907 nec
355 2839 459 2909 Ossaei
475 2836 563 2907 bello
580 2838 727 2908 cecidere
744 2839 953 2908 bimembres.

90 2959 189 3026 Mitto
201 2958 967 3054 genus,clarosquepatres3hominum,inclyte
977 2961 1125 3043 Theseu,

91 3080 233 3172 Sanguis
249 3094 362 3166 erant,
379 3081 549 3168 homines,
566 3080 745 3173 eademque
763 3083 797 3149 in
816 3080 935 3166 sidera,
950 3081 1079 3152 eosdem

90 3201 233 3268 Sortitus
253 3202 458 3288 animarum,
478 3201 701 3297 alimentaque
719 3215 826 3270 vestra
846 3203 965 3287 creati,

90 3321 184 3407 Quos
201 3336 292 3390 vetat
309 3324 386 3416 igne
403 3325 534 3409 Creon,
551 3326 739 3418 Stygiaeque
757 3347 776 3391 a
794 3321 908 3390 limine
928 3336 1049 3416 portae,

90 3443 160 3508 Ceu
180 3457 269 3510 sator
284 3443 523 3530 Eumenidum,
542 3457 601 3512 aut
618 3443 741 3513 Icthaei
761 3443 904 3536 portitor
924 3444 1049 3528 amnis,

91 3559 288 3649 submovet,
309 3588 347 3632 ac
367 3563 471 3633 dubio
489 3561 628 3656 coelique
645 3564 810 3657 Erebique
827 3562 888 3631 sub
907 3587 967 3630 axe

91 3680 233 3748 Detinet.
253 3686 325 3752 Heu
346 3687 499 3778 princeps
519 3682 653 3753 natura!
670 3685 727 3754 ubi
746 3683 905 3754 numina?
923 3686 979 3753 ubi
999 3682 1053 3752 ille

91 3798 253 3869 Fulminis
270 3804 384 3895 injusti
399 3804 583 3898 jaculator?
599 3807 657 3874 ubi
677 3805 772 3893 estis,
791 3805 951 3876 Athenae?

92 3922 240 4015 Septima
257 3922 325 4014 jam
344 3948 481 4018 surgens
502 3925 638 4019 trepidis
657 3930 787 3995 Aurora
803 3927 948 4018 jacentes

91 4045 271 4112 Aversatur
286 4044 379 4136 equis
395 4070 402 4110 :
419 4043 528 4114 radios
546 4043 708 4133 declinat,
722 4060 756 4115 et
771 4045 886 4113 horret
