2812 5258
304 397 357 452 νᾶ
614 393 822 449 annuamus
843 393 952 448 LIBER
973 393 1021 447 X:
1241 393 1341 454 (ets.)

298 523 538 616 AEthiopasque
554 519 652 605 alios,
672 517 753 586 nulli
775 516 988 612 penetrabilis
1007 531 1111 603 astro,

301 647 412 712 lucus
430 644 535 723 iners,
553 640 731 732 subterque
750 641 839 707 cavis
857 663 957 732 grave
971 638 1110 731 rupibus
1128 651 1265 706 antrum

302 767 331 831 lt
349 787 489 831 vacuum
504 762 540 831 iu
558 775 721 847 montem,
741 784 807 852 qua
826 758 947 827 desidis
965 759 1051 826 atria
1069 758 1202 843 Somni,

299 886 522 974 Securumque
539 880 640 949 larem
658 882 767 975 segnis
786 884 917 951 Natura
936 877 1067 947 locavit.

298 1005 414 1071 Limen
433 1026 538 1095 opaca
555 1003 679 1090 Quies,
697 1003 842 1096 etpigra
861 999 994 1069 Oblivia
1011 1014 1165 1083 servant,

297 1126 340 1191 Et
356 1147 528 1216 nunquam
546 1122 636 1217 vigili
658 1138 793 1218 torpens
812 1123 950 1216 Ignavia
967 1119 1071 1188 vultu.

297 1243 375 1311 Otia
394 1242 576 1332 vestibulo,
597 1244 781 1337 pressisque
797 1240 935 1311 Silentia
954 1241 1070 1334 pennis

295 1364 392 1430 Muta
412 1363 547 1451 sedent,
564 1364 768 1458 abiguntque
786 1379 895 1433 truces
913 1387 933 1429 a
951 1359 1094 1431 culmine
1112 1375 1247 1447 ventos,

296 1487 338 1551 Et
354 1509 464 1552 ramos
481 1508 592 1553 errare
611 1498 745 1570 vetant,
764 1499 796 1551 et
816 1507 990 1552 murmura
1011 1483 1149 1550 demunt

296 1602 439 1672 Alitibus
462 1631 470 1671 ε
491 1629 559 1673 non
579 1604 634 1672 hic
653 1601 779 1697 pelagi,
798 1601 877 1671 licet
895 1603 1007 1671 omnia
1026 1601 1173 1671 clament

296 1725 431 1810 Litora,
451 1749 518 1792 non
540 1723 608 1793 illic
621 1723 694 1792 coeli
712 1723 851 1819 fragor:
873 1727 945 1818 ipse
964 1722 1139 1818 profundis

297 1844 448 1913 Vallibus
467 1844 630 1940 effugiens
651 1845 816 1941 speluncae
831 1847 1002 1941 proximus
1021 1848 1127 1914 amnis

297 1967 382 2033 Saxa
403 1967 490 2034 inter
507 1966 726 2063 scopulosque
746 1983 855 2037 tacet:
872 1969 1040 2063 nigrantia
1058 1968 1181 2038 circum

296 2092 470 2175 Armenta,
491 2112 590 2157 omna
609 2088 680 2158 solo
702 2088 839 2157 recubat
855 2114 972 2183 pecus,
991 2105 1025 2157 et
1044 2115 1131 2158 nova
1148 2105 1299 2157 marcent
1331 2086 1334 2092 ’

297 2210 478 2295 Germina,
495 2224 725 2304 terrarumque
743 2209 882 2279 inclinat
899 2212 1034 2304 spiritus
1053 2210 1182 2277 herbas.

296 2323 390 2394 Mille
409 2329 497 2395 intus
515 2327 691 2395 simulacra
705 2331 769 2396 Dei
786 2327 960 2397 caelaverat
974 2329 1095 2397 ardens

295 2443 482 2513 Mulciber:
503 2446 558 2515 hic
573 2448 675 2515 haerct
694 2445 789 2515 lateri
807 2447 962 2516 redimita
980 2448 1166 2542 Voluptas,
1316 2535 1326 2551 θ

295 2568 357 2634 Hic
376 2591 484 2635 comes
505 2568 539 2635 in
557 2569 705 2660 requiem
724 2592 865 2666 vergens
882 2569 993 2638 Labor
1015 2595 1022 2637 :
1041 2584 1091 2637 est
1109 2569 1166 2636 ubi
1185 2570 1316 2639 Baccho

296 2689 356 2756 Est
374 2689 431 2757 ubi
449 2691 644 2784 Martigenae
660 2676 788 2759 socium
806 2693 961 2784 pulvinar
977 2692 1091 2761 Amori

296 2810 437 2879 Obtinet
455 2837 462 2879 :
486 2812 624 2882 interius
642 2828 766 2881 tectum
781 2814 815 2881 in
835 2811 1059 2909 penetralibus
1076 2813 1150 2882 altis

296 2935 337 3000 Et
357 2957 434 3000 curn
448 2936 559 3001 Morte
573 2934 685 3026 jacet:
707 2932 855 3035 nullique
874 2959 911 3001 ea
933 2934 1034 3001 tristis
1056 2936 1176 3029 imago.

295 3054 370 3143 Ipse
387 3067 516 3141 autem,
536 3078 657 3123 vacuus
678 3057 782 3140 curis,
798 3055 964 3122 humentia
983 3055 1096 3124 subter

295 3175 400 3241 Antra
420 3174 604 3267 soporifero
624 3179 763 3269 stipatus
783 3175 878 3261 flore,
901 3172 1035 3268 tapetas'

295 3296 436 3364 incubat
457 3324 464 3363 :
484 3297 641 3365 exhalant
659 3311 784 3381 vestes,
800 3310 834 3363 et
851 3322 993 3390 corpore
1011 3300 1107 3393 pigro

296 3418 407 3483 Strata
425 3415 547 3504 calent,
565 3441 731 3510 supraque
748 3430 860 3484 torum
879 3418 974 3511 niger
994 3419 1084 3486 elllat
1102 3420 1220 3489 anhelo

297 3539 363 3602 (tre
385 3561 515 3628 vapor:
537 3560 654 3604 manus
672 3537 742 3604 lraec
761 3537 851 3605 fusos
871 3562 890 3605 a
911 3552 1057 3633 tempore
1076 3539 1158 3609 laevo

295 3660 464 3725 Sustentat
482 3657 605 3743 crines;
624 3657 693 3724 haec
712 3682 817 3727 cornu
837 3658 940 3728 oblita
961 3663 1096 3729 remisit.

295 3779 423 3848 Adsunt
441 3780 616 3847 innumero
636 3781 762 3848 circum
781 3806 866 3874 vaga
885 3784 1023 3851 Somnia
1040 3784 1156 3868 vultu,

295 3905 383 3968 Vera
403 3898 500 3969 simul
521 3898 626 3987 falsis,
645 3903 874 3994 permixtaque
893 3905 1000 3971 tristia
1021 3903 1163 3974 blandis.

296 4023 411 4092 Noctis
425 4046 528 4115 opaca
544 4022 684 4109 cohors,
701 4023 932 4115 trabibusque,
951 4039 1007 4092 aut
1025 4027 1175 4118 postibus
1191 4028 1337 4107 luerent,
