2812 5258
65 442 93 487 tt·
105 432 145 484 ²⁰·)
388 421 576 478 levattUM
595 423 702 478 LIBER
722 427 757 480 11.

64 544 270 638 Cymodoce,
288 544 465 637 viridisque
484 546 574 637 cupit
593 543 728 613 Galatea
749 544 860 614 lavari.

63 667 150 732 Ante
167 663 300 734 domum
316 662 448 732 tumidae
465 662 652 732 moderator
669 663 805 733 caerulus
821 665 917 734 undae

65 782 232 868 Excubat,
248 783 381 850 innocui
398 796 506 850 custos
524 779 601 849 laris
622 808 630 850 :
652 783 750 876 hujus
769 785 873 853 amico

65 902 226 993 Spumant
242 899 362 993 templa
381 898 449 968 salo
469 926 477 967 :
499 896 603 968 felicia
619 924 696 969 rura
714 915 824 969 tuetur

67 1016 219 1087 Alcides:
238 1017 359 1111 gaudet
380 1019 510 1110 gemino
530 1018 590 1085 sub
611 1020 746 1085 numine
763 1035 885 1112 portus.

64 1137 126 1202 Hic
145 1148 252 1202 servat
271 1150 392 1220 terras,
409 1136 462 1203 hic
478 1137 569 1203 saevis
588 1135 740 1203 fluctibus
757 1137 873 1205 obstat.

64 1253 150 1319 Mira
170 1253 263 1344 quies
280 1251 386 1346 pelagi
407 1279 415 1320 τ
437 1268 565 1345 ponunt
584 1251 638 1321 hic
657 1251 740 1320 lassa
757 1254 901 1322 furorem

66 1372 224 1462 AEquora,
245 1384 277 1438 et
296 1373 401 1440 insani
420 1373 546 1464 spirant
563 1370 754 1439 clementius
775 1374 896 1440 Austri.

66 1490 127 1556 Hic
144 1513 286 1581 praeceps
304 1491 413 1557 minus
427 1488 526 1556 audet
545 1489 671 1581 hyems,
690 1487 845 1582 nulloque
864 1487 1006 1557 tumultu

66 1607 186 1699 Stagna
207 1605 352 1684 modesta
364 1609 489 1699 jacent,
509 1605 700 1699 dominique
719 1608 881 1675 imitantia
900 1631 1016 1676 mores.

66 1723 148 1791 Inde
166 1748 225 1816 per
243 1723 392 1817 obliquas
411 1726 516 1818 erepit
530 1727 676 1818 porticus
695 1749 805 1810 arces,

66 1842 167 1911 Urbis
186 1866 288 1934 opus3
306 1841 471 1934 longoque
490 1843 601 1911 domat
617 1867 693 1911 saxa
713 1866 826 1935 aspera
845 1842 952 1910 dorso.

67 1961 144 2047 Qua
163 1960 254 2049 prius
274 1959 413 2025 obscuro
431 1962 584 2050 permixti
605 1958 739 2052 pulvere
759 1958 858 2048 soles,

69 2079 111 2144 Et
129 2075 239 2143 feritas
255 2077 418 2143 inamoena
441 2079 517 2157 viae,
535 2101 622 2143 nunc
641 2079 689 2143 ire
707 2075 858 2168 voluptas
878 2103 885 2144 :

69 2192 205 2282 Qualis,
224 2194 250 2260 si
268 2192 383 2260 subeas
399 2193 547 2286 Ephyres
566 2193 781 2261 Baccheiados
800 2193 903 2262 altum

69 2310 225 2397 Culmen,
244 2310 285 2376 ab
304 2312 387 2377 Inoo
404 2308 466 2377 fert
486 2313 600 2378 semita
621 2324 705 2378 tecta
725 2311 870 2379 Lechaeo.

115 2432 214 2513 Non,
233 2428 314 2497 mihi
333 2429 360 2494 si
379 2441 514 2496 cunctos
534 2427 670 2496 Helicon
688 2427 854 2521 indulgeat
870 2453 1001 2514 amnes,

66 2554 107 2619 Et
124 2560 255 2642 superet
275 2543 422 2638 Pimplea
436 2547 538 2630 sitim,
557 2545 710 2640 largeque
726 2545 866 2615 volantis

68 2667 201 2762 Ungula
215 2694 249 2737 se
267 2667 323 2735 det
340 2665 429 2761 equi,
447 2679 632 2758 reseretque
655 2685 774 2733 arcana
790 2665 927 2763 pudicos

68 2789 268 2856 Phoemonoe
286 2786 408 2875 fontes,
428 2788 480 2856 vel
500 2812 581 2880 quos
600 2811 706 2872 meus,
725 2787 857 2879 auspice
871 2784 1008 2872 Plioebo,

69 2904 175 2975 Altius
192 2907 345 2974 immersa
365 2905 509 2973 turbavit
526 2903 649 2973 Pollius
667 2929 765 2990 urna;

67 3027 262 3093 Innumeras
280 3023 408 3093 valeam
428 3024 564 3115 species,
581 3022 750 3116 cultusque
770 3021 917 3090 locorum

69 3143 182 3210 Pieriis
200 3166 330 3236 aequare
350 3141 466 3210 modis.
483 3142 549 3209 Vix
565 3140 681 3208 ordine
700 3139 800 3233 longo

69 3260 231 3329 Sullecere
250 3259 353 3348 oculi,
373 3261 449 3346 vix,
468 3258 548 3327 dum
568 3283 627 3353 per
643 3256 771 3351 singula
780 3256 907 3343 ducor,

70 3378 232 3447 Suffecere
250 3379 380 3472 gradus.
399 3379 484 3465 Quae
499 3402 611 3447 rerum
631 3373 741 3444 turba!
762 3374 869 3443 locine

70 3497 267 3588 ingenium,
282 3521 324 3564 an
344 3497 469 3565 domini
485 3497 587 3566 mirer
604 3494 718 3587 prius?
737 3495 805 3562 haec
823 3493 939 3561 domus
956 3509 1048 3563 ortus

70 3614 248 3705 Prospicit,
267 3629 299 3682 et
316 3616 431 3684 Phoebi
446 3630 596 3684 tenerum
609 3614 728 3709 jubar3
743 3611 801 3680 illa
816 3612 987 3681 cadentem

70 3731 221 3816 Detinet,
241 3745 451 3825 exactamque
466 3749 565 3829 negat
582 3734 747 3802 dimittere
767 3730 891 3817 lucem,

70 3851 185 3937 Quum
199 3850 267 3940 jam
288 3848 368 3916 fessa
384 3849 467 3936 dies,
484 3868 517 3919 et
532 3854 567 3919 in
588 3875 718 3944 aequora
737 3851 857 3918 montis
874 3850 969 3945 opaci

70 3966 197 4034 Umbra
216 3966 320 4052 cadit,
340 3968 508 4059 vitreoque
524 3983 640 4038 natant
656 3970 808 4061 praetoria
828 3981 940 4059 ponto.
