2812 5258
78 460 110 517 [v.
123 458 189 520 143.)
384 459 588 516 THEBMDOS
608 463 714 516 LIBER
736 464 769 517 ll.

79 581 275 672 Corripuere
296 583 389 667 toris3
410 581 481 650 iilos
501 598 574 675 post
593 584 726 651 verbera
746 585 861 671 sessos,

79 704 321 793 Exceptamque
340 702 480 769 hiemem
497 726 599 770 cornu
617 702 805 796 perfuderat
821 705 910 771 omni

79 822 220 888 Somnus
238 845 245 886 :
264 835 297 887 at
314 821 447 888 Inachio
465 821 572 888 tenuis
588 821 649 889 sub
666 836 796 914 pectore
815 824 882 916 regi

79 944 195 1009 Tracta
212 941 318 1032 quies,
336 939 414 1008 dnm
431 957 541 1009 mente
558 945 645 1011 Deos
665 943 856 1036 inceptaque
871 958 976 1010 versat

79 1059 241 1151 Hospitia,
261 1073 294 1127 et
313 1083 385 1151 quae
403 1060 467 1127 sint
485 1062 611 1152 generis
629 1061 750 1129 adscita
767 1063 903 1153 repertis

80 1180 159 1245 Fata
174 1191 293 1246 movet.
312 1181 487 1269 Postquam
504 1179 619 1247 mediis
639 1181 672 1247 in
687 1179 816 1247 sedibus
833 1177 915 1247 aulae

80 1297 268 1387 Congressi,
288 1297 385 1389 inque
403 1298 504 1365 vicem
522 1297 651 1364 dextras
664 1299 817 1390 junxere,
839 1297 1011 1387 locumque

81 1407 158 1500 Quo
176 1439 281 1482 serere
297 1440 431 1484 arcanas
448 1428 579 1507 aptum,
599 1430 696 1508 atque
715 1415 862 1484 evolvere
881 1438 989 1500 curas,

80 1534 248 1620 Insidunt;
266 1535 355 1627 prior
371 1535 422 1603 his
438 1534 555 1604 dubios
573 1533 747 1628 compellat
765 1535 940 1603 Adrastus:

128 1655 284 1748 «Egregii
298 1657 471 1746 juvenum,
489 1679 571 1747 quos
589 1680 655 1723 non
671 1656 740 1723 sine
758 1653 892 1722 numine
910 1655 1018 1745 regnis

80 1773 208 1841 Invenit
227 1797 292 1840 nox
310 1772 423 1840 dextra
439 1775 537 1858 meis,
556 1774 672 1865 quibus
691 1776 759 1869 ipse
778 1799 836 1867 per
852 1771 970 1840 imbres

81 1889 286 1958 Fulminibus
306 1891 441 1975 mixtos,
459 1890 755 1984 intempestumque
773 1895 955 1960 Tonantem

81 2013 149 2077 Has
169 2031 259 2074 meus
278 2031 379 2101 usqne
396 2009 511 2077 domos
527 2012 661 2103 vestigia
679 2011 755 2078 fecit
771 2009 908 2104 Apollo;

83 2129 158 2194 Non
177 2124 327 2217 equidem
344 2129 521 2195 obscurum
539 2129 650 2214 vobis,
668 2126 819 2219 plebique
834 2126 974 2220 Pelasgae

82 2249 160 2316 Esse
176 2271 261 2334 reor,
280 2248 408 2339 quantis
428 2248 591 2315 connubia
608 2261 718 2314 nostra
736 2271 911 2339 procorum

82 2368 192 2435 Turba
211 2381 324 2458 petant
338 2363 471 2450 studiis3
488 2366 623 2458 geminae
642 2364 720 2431 mihi
739 2388 899 2457 namque,
916 2379 1070 2456 nepotum

82 2489 171 2553 Laeta
188 2483 282 2567 fides,
297 2508 390 2576 aequo
407 2485 588 2578 pubescunt
605 2484 709 2551 sidere
727 2498 820 2552 natae.

84 2607 236 2692 Quantus
251 2603 373 2688 honos,
390 2618 595 2695 quantusque
612 2603 729 2695 pudor,
748 2614 789 2670 ne
806 2604 928 2671 credite
947 2607 1051 2696 patri,

82 2726 126 2792 Et
142 2747 239 2816 super
255 2722 424 2791 hesternas
441 2721 534 2790 licuit
550 2747 744 2815 cognoscere
759 2746 897 2789 mensas.

82 2847 148 2911 Has
166 2842 282 2910 tumidi
300 2839 399 2928 solio,
417 2856 451 2910 et
469 2841 533 2909 late
551 2840 796 2910 dominantibus
813 2843 912 2909 armis

82 2964 247 3053 Optavere
263 2960 325 3027 viri
342 2957 493 3052 (longum
510 2983 700 3027 enumerare
717 2959 868 3026 Pharaeos

82 3078 301 3172 OEbaliosque
316 3078 445 3170 duces),
453 3093 486 3146 et
502 3079 619 3148 Achaea
637 3102 697 3170 per
713 3076 834 3171 oppida
851 3094 988 3165 matres,

84 3200 181 3290 Spem
200 3201 341 3292 generis,
360 3224 421 3268 nec
438 3198 533 3293 plura
551 3212 626 3265 tuus
646 3198 835 3291 despexerat
852 3201 985 3268 OEncns

79 3315 219 3401 Foedera,
234 3318 407 3410 Pisaeisque
423 3342 515 3386 socer
530 3315 723 3384 metuendus
742 3316 885 3386 habenis.

85 3431 148 3501 Sed
166 3432 244 3499 mihi
264 3458 323 3502 nec
338 3438 453 3528 Sparta
472 3437 613 3529 genitos,
632 3459 691 3502 nec
708 3434 748 3502 ab
764 3433 856 3504 Elide
874 3438 988 3505 missos

84 3554 225 3644 Iungere
242 3550 289 3617 sas
309 3575 466 3644 generos:
485 3554 575 3624 vobis
592 3555 644 3622 hic
660 3556 805 3648 sanguis,
822 3569 855 3623 et
873 3554 955 3624 aulae

84 3672 171 3737 Cura
187 3692 279 3753 meae,
296 3667 394 3762 longo
411 3675 613 3762 promittitur
631 3672 745 3741 ordine
761 3673 829 3741 fati.

83 3786 127 3854 Dt
147 3787 247 3871 bene,
266 3785 354 3878 quod
375 3785 452 3854 tales
468 3792 666 3883 stirpemque
682 3794 869 3883 animosque
887 3793 1021 3878 venitis,

83 3907 130 3973 Ut
145 3928 301 3995 responsa
313 3906 429 3996 juvent
445 3930 453 3971 :
469 3905 521 3974 bic
537 3909 625 3977 durae
644 3924 789 4001 tempore
810 3911 914 3978 noctis

83 4027 199 4092 Partus
216 4024 319 4092 honos
333 4049 341 4090 ε
355 4023 423 4091 haec
442 4021 495 4092 iila
514 4029 603 4095 venit
621 4042 694 4118 post
712 4029 845 4097 verbera
864 4054 993 4099 merces.
1007 4061 1023 4093 s
