2812 5258
321 425 358 484 ba
636 416 853 474 THEBAIDOS
874 416 985 473 LIBER
1007 418 1042 469 V.
1250 419 1365 481 (1.355.)

320 541 526 630 Thoraeum,
545 555 579 610 et
596 541 691 610 vultu
710 541 819 637 galeas
837 544 961 610 intrare
980 539 1089 608 soluto

320 665 398 732 Non
416 662 545 756 pudet:
565 661 705 731 audaoes
725 662 838 732 rubuit
856 664 976 730 mirata
994 675 1141 728 catervas

319 781 443 867 Pallas,
463 796 497 850 et
514 780 653 850 adverso
672 783 745 850 risit
762 779 931 850 Gradivus
951 783 985 849 in
1005 783 1129 848 llaemo.

318 905 412 970 Tunc
429 902 576 996 primurn
592 925 634 970 ex
650 903 769 969 animis
785 924 933 995 praeceps
950 903 1094 968 amentia
1112 902 1211 971 cessit
1229 928 1239 973 ε

318 1019 1183 1116 Neeratisillasalo,sedDivumseraperaequor

315 1143 462 1231 Iustitia,
480 1156 514 1213 et
530 1168 637 1238 poenae
655 1141 817 1213 soelerum
835 1142 1013 1211 adventare
1031 1141 1195 1210 videntur.

364 1293 381 1326 α
392 1267 532 1358 Jamque
549 1263 687 1333 aderant
705 1278 817 1350 terra,
835 1277 997 1355 quantum
1014 1265 1177 1356 Gortynia
1195 1282 1336 1336 currunt

314 1383 466 1476 Spicula,
485 1383 629 1453 ooeruleo
647 1384 819 1479 gravidam
838 1390 941 1476 quum
958 1384 1112 1476 luppiter
1131 1380 1229 1451 imbri

313 1507 390 1597 ipsa
406 1527 507 1599 super
525 1505 649 1574 nubem
666 1507 747 1573 ratis
766 1515 970 1572 armannnta
988 1501 1133 1597 Pelasgae

313 1627 408 1694 Sistit
424 1641 525 1720 agens
542 1651 551 1695 ε
570 1624 648 1694 inde
666 1625 788 1692 horror
803 1623 913 1714 aquis,
929 1635 963 1689 et
979 1635 1094 1714 raptus
1111 1624 1153 1691 ab
1171 1628 1263 1693 omni

313 1745 389 1815 Sole
408 1746 495 1834 dies,
515 1749 630 1817 miscet
647 1742 816 1831 tenebras,
834 1743 909 1834 quis
927 1745 1079 1836 protinus
1099 1744 1189 1813 unda

202 1905 203 1908 ¹
312 1867 479 1936 Concolor
498 1894 506 1935 ε
525 1867 639 1936 obnixi
657 1863 806 1933 lacerant
823 1884 905 1933 cava
924 1861 1040 1933 uirbila
1060 1867 1166 1952 venti,

201 2028 202 2032 =
311 1989 549 2083 Diripiuntque
565 1986 686 2057 fretum
706 2009 715 2052 :
735 1985 840 2079 nigris
858 1984 944 2053 redit
961 1985 1100 2055 humida
1118 1986 1214 2055 tellus

310 2111 518 2196 Vorticibus,
536 2123 708 2202 totumque
726 2107 825 2175 Notis
844 2107 1054 2200 portantibus
1070 2131 1185 2200 {equor

309 2229 448 2317 Pendet,
468 2244 502 2299 et
518 2244 648 2323 aequato
664 2228 733 2323 jam
750 2226 820 2320 jam
839 2251 944 2320 prope
961 2225 1069 2295 sidera
1085 2224 1185 2294 dorso

309 2351 486 2444 Frangitur
506 2375 514 2416 :
536 2350 674 2417 ineertae'
683 2349 753 2441 jam
772 2371 833 2416 nec
854 2347 948 2440 prior
966 2347 1108 2440 impetus
1127 2344 1223 2427 alno,

304 2469 370 2540 sed
388 2467 493 2556 labat,
507 2482 690 2538 exstantem
706 2469 823 2537 rostris
840 2465 942 2535 modo
960 2469 1092 2562 gurgite
1108 2468 1144 2533 in
1163 2468 1245 2552 imo,

305 2590 405 2662 Nunc
422 2589 505 2660 coelo
523 2590 665 2660 Tritona
684 2589 792 2659 ferens
812 2613 819 2655 :
839 2612 900 2657 nec
916 2587 1040 2656 robora
1058 2602 1199 2680 prosunt

306 2696 494 2782 Semideum
512 2711 670 2800 heroum,
688 2734 901 2807 puppemque
920 2710 1037 2778 insana
1056 2707 1199 2802 flagellat

306 2834 441 2904 Arbor:
462 2848 496 2902 et
514 2831 659 2903 instabili
677 2832 898 2927 procumbens
917 2828 1063 2924 pondere
1082 2853 1200 2897 curvas

305 2957 430 3048 Rapiat
447 2980 564 3049 aquas,
583 2955 732 3047 remique
749 2954 874 3024 cadunt
891 2953 926 3020 in
946 2965 1061 3045 pectus
1079 2953 1204 3020 inanes.

352 3077 447 3144 «Nos
458 3090 591 3170 quoque
603 3098 664 3170 per
673 3099 791 3169 rupes,
806 3096 1045 3164 murorumque
1056 3047 1179 3167 aggere
1189 3073 1229 3140 ab
1240 3074 1348 3156 omni,

303 3198 393 3262 Dum
412 3194 507 3265 labor
522 3194 578 3265 ille
595 3195 688 3283 viris,
706 3194 855 3288 fretaque
869 3193 1101 3286 indignantur,
1120 3207 1152 3260 et
1169 3195 1299 3278 Austri,

303 3316 454 3407 Desuper
471 3315 623 3384 invalidis
641 3317 804 3384 fluitantia
821 3313 885 3384 tela
903 3312 1049 3401 lacertis,

302 3433 393 3521 Quid
411 3459 480 3503 non
498 3458 577 3504 ausa
596 3435 736 3505 manus?
753 3435 934 3504 Telamona
954 3451 986 3504 et
1005 3434 1102 3503 Pelea
1121 3451 1234 3503 contra
1317 3459 1323 3471 ¹

302 3555 512 3648 spargimus,
533 3570 566 3623 et
585 3569 700 3624 nostro
721 3557 845 3650 petitur
861 3556 1055 3650 Tirynthius
1076 3581 1165 3624 arcu.

301 3671 353 3741 Illi
368 3676 491 3768 quippe
504 3674 601 3743 simul
616 3674 722 3765 bello,
736 3674 920 3772 pelagoque
935 3676 1098 3770 laborant.

303 3796 380 3861 Pars
397 3792 519 3888 clypeis
535 3798 665 3865 munire
680 3812 801 3885 ratem3
817 3824 893 3893 pars
908 3824 1041 3893 equora
1057 3800 1161 3869 fundo

301 3915 470 4006 Egerere:
493 3929 545 3983 ast
563 3916 618 3985 alii
638 3935 803 4014 pugnant,
824 3921 882 3991 sed
902 3924 1021 3989 inertia
1040 3935 1133 3989 motu

229 4060 232 4066 ·
301 4033 464 4126 Corpora,
482 4060 715 4134 suspensaque
731 4057 843 4111 carent
861 4043 1035 4111 conamine
1053 4043 1151 4110 vires.
