2812 5258
76 403 191 469 (exod.)
387 403 597 458 THEBAIDOS
619 402 728 457 LIBER
748 405 813 459 Vll.
1073 404 1110 482 ψ

76 532 276 621 Expugnare
295 524 392 610 dedi;
413 551 551 619 meaque
568 541 619 594 est
630 527 778 619 jactura,
799 530 952 621 pigetque

77 651 142 716 Tot
157 661 282 713 mutare
301 646 445 732 animas,
464 661 514 715 tot
529 647 668 716 reddere
685 671 826 740 corpora
843 648 927 716 vitae.

78 763 264 835 Labdacios
288 789 377 850 tero,
396 766 594 859 Pelopisque
612 793 631 835 a
649 770 751 861 stirpe
769 783 905 861 nepotes

76 885 224 955 Tardum
241 882 374 953 abolere
394 885 501 952 mihi:
518 887 581 953 scis
600 888 685 980 ipse,
705 902 742 955 ut
761 888 901 956 crimina
919 888 1048 958 mittam

78 1007 218 1092 Dorica,
237 1030 337 1098 quam
357 1019 496 1098 promtae
512 1006 654 1098 Superos
675 1009 835 1075 incessere
852 1008 996 1094 Thebae3

79 1129 127 1193 Te
143 1149 276 1217 quoque
291 1151 299 1193 τ
314 1125 390 1212 sed,
409 1126 568 1217 quoniam
590 1141 684 1194 vetus
701 1126 820 1195 excidit
838 1129 905 1214 ira,
923 1127 1036 1198 silebo.

79 1247 156 1315 Non
180 1258 290 1311 tamen
311 1258 368 1312 aut
386 1245 495 1337 patrio
514 1268 680 1338 respersus
701 1249 859 1340 sanguine
878 1248 1059 1335 Pentheus,

79 1370 145 1435 Aut
164 1378 304 1430 matrem
320 1361 493 1431 scelerasse
513 1366 612 1451 toris,
629 1379 686 1433 aut
705 1367 842 1434 crimine
861 1366 977 1436 fratres

78 1485 298 1578 Progenuisse
315 1507 409 1569 reus,
429 1480 535 1552 lacero
555 1498 610 1552 tua
632 1482 735 1553 lustra
757 1485 893 1579 replevit

80 1609 232 1674 Funere:
249 1603 305 1671 ubi
324 1601 440 1670 fletus?
458 1602 514 1670 ubi
533 1618 612 1672 tunc
633 1629 686 1672 ars
705 1619 797 1673 tanta
811 1606 993 1698 precandi?

82 1728 142 1794 Ast
160 1749 221 1817 ego
240 1749 306 1790 non
324 1724 461 1817 proprio
481 1720 571 1791 diros
588 1723 744 1817 impendo
762 1722 870 1793 dolori

81 1842 367 1936 OEdipodionidas
385 1868 392 1908 :
409 1856 505 1933 rogat
521 1843 584 1909 hoc
601 1842 777 1935 tellusque,
798 1842 976 1937 polusque,

82 1967 126 2032 Et
145 1964 265 2054 pietas,
282 1975 314 2028 et
333 1959 407 2028 laesa
425 1959 519 2043 fides,
538 1975 733 2054 naturaque,
752 1978 785 2030 et
799 1965 861 2057 ipsi

84 2080 308 2150 Eumenidum
326 2104 459 2147 mores:
479 2079 535 2147 sed
552 2095 588 2147 tu
607 2105 707 2174 super
726 2081 808 2149 urbe
825 2085 949 2150 moveri

82 2207 188 2272 Parce
206 2216 278 2285 tua3
299 2224 366 2268 non
385 2200 448 2267 hoc
464 2202 563 2268 statui
582 2201 643 2268 sub
660 2216 808 2295 tempore
826 2202 926 2270 rebus

85 2327 250 2391 Occasum
270 2320 385 2387 Aoniis
400 2344 407 2385 :
426 2320 535 2387 veniet
553 2322 736 2412 suspectior
754 2335 849 2408 aetas,

87 2441 285 2532 Ultoresque
301 2436 356 2506 alii
375 2464 382 2505 :
399 2463 486 2505 nunc
504 2440 594 2530 regia
613 2443 700 2508 Juno
716 2455 917 2533 queretur.»

135 2565 195 2630 His
214 2560 268 2629 ille
287 2558 408 2628 auditis
427 2574 638 2651 mentemque
656 2561 873 2653 habitumque
890 2563 1024 2654 recepit.

87 2685 135 2752 Ut
151 2706 253 2774 quum
270 2679 338 2749 sole
353 2678 459 2765 malo,
474 2680 627 2770 tristique
644 2681 770 2746 rosaria
786 2679 911 2773 pallent

88 2805 171 2871 Usta
189 2804 297 2886 Noto,
315 2801 342 2868 si
359 2797 451 2868 clara
470 2797 556 2880 dies,
574 2798 783 2889 Zephyrique
800 2798 913 2865 refecit

88 2927 177 2992 Aura
197 2919 328 3014 polum,
345 2918 432 2987 redit
447 2918 554 2985 omnis
573 2916 696 3001 honos,
713 2916 896 3008 emissaque
914 2914 1026 2984 lucent

89 3042 264 3124 Germiua,
284 3053 316 3107 et
335 3037 491 3106 informes
506 3050 605 3104 ornat
619 3060 680 3105 sua
697 3034 802 3130 gioria
824 3037 942 3130 virgas.

136 3161 304 3247 Nuntius,
323 3160 479 3227 attonitas
494 3156 691 3250 jamdudum
709 3156 850 3227 Eteoclis
867 3157 910 3225 ad
930 3182 1025 3225 aures

89 3283 269 3378 Explorate
286 3280 413 3367 ferens,
432 3277 532 3370 longo
550 3278 646 3347 docet
666 3279 798 3372 agmine
817 3279 937 3346 Graios

90 3406 143 3472 Ire
162 3403 281 3490 duces,
298 3426 358 3470 nec
372 3401 443 3492 jam
460 3401 574 3468 Aoniis
593 3396 708 3492 procul
730 3395 844 3466 abfore
861 3398 1001 3490 campis3

92 3522 300 3614 Quocunque
319 3521 476 3615 ingressi,
496 3533 650 3605 tremere,
668 3542 706 3586 ac
725 3519 934 3587 miserescere
952 3532 1092 3586 cunctos

92 3641 300 3724 Thebarum
320 3642 376 3733 qui
396 3639 498 3732 stirpe
514 3638 632 3725 refert,
649 3641 707 3731 qui
723 3640 874 3724 nomine,
892 3652 924 3705 et
940 3640 1050 3706 armis.

91 3758 154 3829 llte
170 3773 295 3826 metum
310 3759 473 3847 condens,
490 3758 604 3827 audire
621 3760 785 3853 exposcit,
803 3773 837 3826 et
853 3758 923 3827 odit

93 3881 306 3949 Narrantem.
323 3880 410 3948 Hinc
431 3879 528 3949 dictis
546 3881 652 3947 socios
668 3876 852 3962 stimulare,
872 3902 1012 3968 suasque

94 3999 207 4067 Metiri
228 3997 375 4072 decernit
389 4023 468 4091 opes
485 4024 492 4064 :
509 4000 673 4066 exciverat
693 4021 824 4065 omnem
