2812 5258
94 437 126 496 (i.
143 434 195 495 ss.)
413 426 627 483 autumnos
648 425 758 482 mma
779 427 829 481 xi.
1084 447 1139 498 207

92 561 187 629 Sicut
202 571 273 626 erat
289 582 296 624 :
317 555 402 649 fugit
414 555 449 622 in
463 576 583 623 vacuas
592 553 663 646 jam
678 553 814 646 spiritus
830 566 942 641 auras,

92 685 166 749 Jum
186 675 294 773 gelida
315 699 372 745 ora
389 689 521 763 tacent3
539 696 675 743 carmen
695 673 775 742 tuba
797 670 868 743 sola
889 674 1026 767 peregit.

141 805 281 894 Jamque
299 813 416 893 potens
431 793 613 881 scelerum,
630 796 834 891 geminaeque
852 797 995 865 exercita
1011 797 1118 890 gentis

93 923 277 1017 Sanguine,
293 919 476 1013 Tisiphone
494 917 641 987 fraterna
657 915 789 988 cludere
807 919 926 1012 quaerit

95 1041 187 1112 bella
204 1041 285 1111 tuba
302 1067 310 1108 :
332 1065 393 1109 uec
411 1065 445 1109 se
465 1054 556 1108 tanta
573 1040 608 1106 in
623 1040 804 1107 certamina
820 1054 914 1108 retur

94 1163 271 1248 Sullicere,
291 1161 420 1230 inferna
436 1161 590 1229 comitem
612 1161 646 1227 ni
664 1157 739 1227 sede
753 1161 951 1252 Megaram,

94 1287 137 1354 Et
157 1283 423 1376 consanguineos
441 1280 476 1348 in
498 1277 616 1373 proelia
636 1280 773 1348 suscitet
793 1303 929 1374 angues.

94 1409 184 1500 Ergo
202 1402 322 1497 procul
342 1425 445 1470 vacua
461 1399 612 1470 consedit
628 1398 729 1487 valle,
751 1399 926 1494 solumque

94 1528 182 1594 Ense
203 1522 288 1593 fodit
306 1524 441 1617 Stygio,
463 1537 625 1615 terraque
644 1523 880 1592 immurmurat
901 1521 1019 1590 absens

95 1646 243 1729 Nomen,
264 1658 313 1726 et,
334 1641 455 1735 Elysiis
472 1644 606 1737 signum
625 1641 845 1713 indubitabile
861 1644 993 1738 regnis,

96 1763 265 1834 Crinalem
286 1762 410 1833 attollit
429 1763 529 1858 longo
547 1763 690 1833 stridore
708 1779 866 1834 cerasten.

95 1883 253 1954 Caeruleae
273 1882 340 1952 dux
359 1881 415 1952 ille
435 1906 555 1971 comae,
574 1908 642 1977 quo
661 1885 814 1977 protinus
829 1886 940 1953 omnis

95 2005 237 2072 Horruit
255 2002 370 2071 audito
389 2000 510 2091 tellus,
529 1995 733 2097 pontusque,
754 2001 937 2098 polusque,

95 2128 140 2192 Et
153 2138 249 2216 pater
262 2125 407 2192 AEtnaeos
424 2122 545 2192 iterum
563 2125 734 2217 prospexit
751 2122 793 2192 ad
811 2125 913 2219 ignes.
983 2100 985 2105 .

145 2245 276 2338 Accipit
293 2241 351 2313 illa
366 2267 486 2314 sonum
502 2269 510 2312 :
529 2244 641 2313 stabat
656 2259 737 2314 tunc
754 2244 840 2314 forte
854 2248 984 2340 parenti

96 2365 268 2447 Proxima,
287 2363 368 2433 dum
387 2378 474 2433 coetu
491 2366 668 2458 Capaneus
686 2362 842 2434 laudatur
858 2368 901 2436 ab
917 2369 1009 2436 omni

97 2485 199 2571 Ditis,
214 2500 248 2554 et
261 2485 427 2578 insignem
446 2485 569 2578 Stygiis
584 2484 675 2554 fovet
689 2485 845 2556 amnibus
860 2488 1024 2556 umbram.
1076 2510 1079 2517 ·

96 2607 253 2673 Protinus
272 2605 418 2699 abrupta
437 2619 605 2673 terrarum
625 2604 713 2674 mole
732 2607 796 2676 sub
815 2609 913 2675 astris

97 2727 277 2815 Constitit,
298 2724 449 2794 exultant
463 2727 602 2812 Manes,
619 2739 848 2818 quantumque
864 2726 1037 2819 profunde
1126 2811 1129 2818 Ι

97 2850 283 2917 Rarescunt
302 2847 465 2933 teuebrae,
483 2860 615 2914 tantum
629 2842 670 2912 de
689 2842 763 2913 luce
778 2846 922 2914 recessit.

96 2969 231 3063 Excipit
247 2983 320 3037 atra
338 2992 443 3057 soror,
460 2965 649 3059 dextrasque
665 2966 784 3033 innexa
801 2965 974 3059 profatur:

147 3091 248 3157 «Hac
263 3112 420 3183 germana
441 3103 538 3157 tenus
555 3086 662 3182 Stygii
681 3084 860 3154 metuenda
877 3088 1024 3181 parentis

98 3210 255 3303 imperia,
272 3223 305 3276 et
318 3210 426 3302 jussos
442 3209 538 3302 potui
555 3206 697 3277 tolerare
711 3206 862 3292 furores,

98 3327 176 3397 Sola
193 3354 293 3422 super
307 3343 429 3413 terras,
451 3326 629 3420 hostilique
647 3328 746 3396 obvia
761 3326 907 3414 mundo,

97 3453 188 3517 Dum
207 3475 265 3517 vos
280 3449 430 3544 Elysium
450 3465 484 3519 et
504 3448 617 3519 faciles
637 3449 846 3544 compescitis
867 3448 1011 3518 umbras.

98 3570 170 3636 Nec
189 3572 332 3661 pretium
351 3570 500 3642 deforme
517 3596 635 3655 morae,
655 3572 806 3664 cassique
819 3568 959 3640 labores.

99 3691 171 3756 Hoc
183 3688 405 3786 quodcunque
414 3691 552 3762 madent
563 3691 690 3785 campi,
704 3689 794 3785 quod
805 3693 966 3786 sanguine
979 3692 1106 3761 fumant
1219 3768 1222 3777 ¹

99 3809 244 3901 Stagna,
263 3809 355 3902 quod
375 3812 553 3881 innumero
573 3811 706 3880 uthica
725 3813 877 3880 examine
892 3811 1014 3907 gaudet

100 3928 206 4020 Ripa,
227 3953 307 3997 meoe
328 3931 430 4015 vires,
450 3954 524 4003 meu
541 3928 614 3999 laeta
633 3931 802 4025 insignia:
821 3931 878 4000 sed
897 3932 980 4025 quid

99 4049 178 4116 Haec
197 4049 283 4143 ego?
302 4052 394 4120 Mars
414 4049 548 4139 babeat,
567 4050 769 4144 vulgataque
778 4052 883 4142 jactet
897 4055 1001 4144 Enyo.
