2812 5258
62 451 92 513 l'·
106 453 172 513 ¹7³·)
357 452 567 508 THEBAIDOS
587 456 694 510 LIBER
715 457 766 511 111.
1023 452 1080 509 225

60 575 212 670 Phyllea3
229 579 508 670 sanguineumque
530 578 640 646 lavant
655 583 833 649 Acamanta
852 604 987 649 sorores.

109 700 202 765 Tunc
220 696 307 765 ferro
323 710 474 791 retegunt
490 695 602 784 silvas,
620 697 775 791 collisque
794 701 970 792 propinqui

63 818 230 884 Annosum
250 828 406 882 truncant
424 817 567 908 apicem,
587 819 643 907 qui
662 818 810 885 conscius
827 819 906 885 actis

60 935 191 1020 Noctis,
212 947 245 1000 et
263 935 402 1026 inspexit
420 937 585 1028 gemitus:
604 935 649 1002 ibi
669 935 824 1028 grandior
841 960 911 1003 aevo

60 1057 144 1124 Ante
163 1078 274 1147 rogos,
295 1053 375 1121 dum
395 1055 533 1146 quisque
554 1079 613 1121 suo
631 1057 745 1147 nequit
765 1056 840 1148 igne
857 1053 968 1123 revelli

62 1171 247 1241 Concilium
265 1172 441 1240 infaustum
460 1171 556 1239 dictis
576 1171 738 1240 mulcebat
756 1172 909 1242 Alethes:

109 1294 227 1384 «Saepe
243 1290 376 1383 quidem
396 1290 523 1374 infelix,
538 1291 695 1382 varioque
710 1292 851 1358 exercita
869 1290 947 1358 ludo

63 1415 215 1480 Fatorum
233 1435 312 1504 gens
327 1424 439 1478 nostra
458 1411 543 1492 ruit,
561 1408 713 1477 Sidonius
733 1434 771 1477 ex
788 1434 855 1500 quo

61 1532 185 1621 Hospes
202 1530 235 1596 iu
256 1530 379 1598 Aonios
393 1529 471 1621 jecit
488 1543 557 1597 sata
574 1529 676 1596 ferrea
695 1527 818 1613 sulcos3

63 1647 155 1716 Unde
173 1649 250 1715 novi
268 1647 381 1734 foetus,
401 1663 433 1715 ct
451 1646 622 1715 formidata
639 1646 763 1716 colonis

60 1771 145 1836 Arva
164 1767 230 1834 suis
245 1792 253 1834 :
268 1766 323 1834 sed
341 1790 400 1833 nec
417 1767 534 1833 veteris
549 1791 650 1858 quum
669 1768 757 1859 regia
773 1764 890 1835 Cadmi

59 1884 265 1952 Fulmineum
283 1885 317 1951 in
337 1885 479 1951 cinerem
496 1885 629 1952 monitis
640 1885 778 1953 lunonis
798 1885 918 1976 iniquae

61 2003 235 2090 Consedit,
255 2027 361 2095 neque
377 2003 511 2070 funerea
531 2026 633 2093 quum
651 2000 747 2070 laude
766 2004 891 2094 potitus

59 2121 175 2190 Infelix
194 2122 347 2191 Athamas
365 2118 493 2215 trepido
514 2119 554 2186 de
573 2134 683 2187 monte
704 2122 850 2205 veniret,

59 2243 286 2310 Semianimem
302 2241 366 2309 heu
385 2238 459 2308 lato
475 2240 617 2307 referens
636 2239 777 2307 clamore
795 2241 999 2326 Learchum

58 2363 120 2429 Hic
139 2364 277 2455 gemitus
293 2360 437 2428 Thebis:
453 2385 513 2428 nec
528 2374 676 2452 ternpore
691 2359 810 2428 clarius
828 2358 885 2428 illo

56 2481 231 2550 Phoenissae
250 2504 387 2548 sonuere
407 2481 542 2566 domus,
563 2504 667 2571 quum
687 2479 768 2547 lassa
786 2480 929 2547 furorem

57 2602 162 2685 Vicit,
180 2614 212 2666 et
227 2600 267 2668 ad
281 2601 435 2668 comitum
456 2596 611 2691 lacrymas
631 2601 760 2693 expavit
778 2602 898 2692 Agave.

55 2722 130 2788 Una
148 2719 216 2787 dies
232 2716 345 2786 similis
363 2718 430 2785 lato
447 2720 617 2812 specieque
632 2716 794 2784 malorum

54 2841 159 2930 AEqua
179 2837 258 2922 fuit,
279 2862 343 2929 qua
361 2836 587 2931 magniloquos
604 2836 666 2903 luit
683 2837 782 2929 impia
802 2834 896 2902 llatus

53 2957 214 3045 Tantalis,
231 2958 410 3025 innumeris
430 2981 534 3048 quum
553 2954 748 3023 circumfusa
769 2953 872 3022 ruinis

55 3079 202 3168 Corpora
218 3092 266 3146 tot
284 3090 414 3170 raperet
431 3090 537 3160 terra,
558 3090 607 3142 tot
626 3088 782 3168 quareret
802 3076 901 3167 ignes.

103 3224 119 3256 ιι
129 3194 215 3264 Talis
232 3210 301 3265 erat
318 3196 408 3291 vulgi
426 3209 545 3281 status,
563 3195 657 3263 etsie
678 3196 759 3262 urbe
776 3192 886 3262 relicta

54 3313 268 3406 Primaevique
287 3341 465 3411 senesque,
484 3328 517 3383 et
533 3314 631 3406 longo
649 3315 796 3382 examine
811 3327 930 3381 matres

54 3430 216 3499 Invidiam
232 3431 384 3524 planxere
398 3436 493 3522 Deis,
510 3435 694 3526 miseroque
711 3431 855 3501 tumultu

53 3555 134 3621 Bina
155 3576 212 3645 per
230 3552 375 3644 ingentes
395 3555 559 3649 stipabant
573 3552 687 3621 funera
704 3568 823 3647 portas.

53 3676 173 3765 Meque
189 3674 317 3764 ipsum,
335 3675 466 3741 memini
483 3675 557 3770 (nec
571 3674 648 3743 dum
663 3689 738 3768 apta
757 3672 924 3741 doloribus
938 3670 1031 3766 aetas)

52 3791 160 3860 Flesse
178 3807 307 3878 tamen,
325 3792 511 3884 gemituque
526 3821 616 3864 meos
634 3819 777 3886 aequasse
793 3806 952 3886 parentes.

51 3911 112 3982 llla
131 3928 239 3981 tamen
259 3911 376 4004 Superi
392 3935 400 3976 :
417 3936 476 3979 nec
491 3915 579 4004 quod
598 3914 673 4000 tibi,
692 3912 802 3998 Delia,
819 3926 925 3980 castos

49 4032 245 4126 Prolapsum
262 4031 304 4101 ad
326 4032 448 4118 fontes,
468 4033 600 4123 specula
618 4047 798 4101 temerante
814 4030 968 4124 prolana,

171 4176 192 4220 1.
869 4167 908 4216 Ιῖ)
