2812 5258
187 438 236 511 viij
489 437 539 493 DE
558 438 588 492 P.
609 437 761 493 PAPINIO
782 437 918 493 srarlo

144 529 264 655 ,ipost
287 563 434 654 Capanei
453 559 642 653 sacrilegam
666 559 837 629 audaciam
861 574 895 628 et
922 559 1073 627 fraterna
1098 554 1221 652 pugnae

188 678 310 749 scelera
322 681 443 748 territis
455 676 629 761 lectoribus
645 678 812 747 videretur
819 677 974 771 languere
987 704 994 746 :
1010 692 1042 745 et
1054 702 1127 770 quae
1141 672 1223 746 sun't'

188 797 254 868 alia
269 824 288 868 e
303 800 450 867 Statiana
465 799 664 867 narrationis
683 798 905 891 descriptione
924 798 1118 892 pendentia,
1134 797 1221 866 indi·

188 931 262 986 cata
288 915 342 984 illa
363 940 439 984 cum
458 917 572 985 ceteris
592 917 912 987 memorabilioribus
934 916 975 985 de
992 917 1151 1009 poematis
1167 941 1221 984 ar-

187 1048 344 1128 gumento
361 1049 394 1102 et
410 1035 605 1104 tractatione
623 1035 713 1129 apud
730 1034 954 1122 Welclrerum‚
973 1033 994 1101 l.
1009 1058 1037 1102 c.

237 1152 348 1221 Verbo
370 1155 569 1222 mentionem
594 1155 741 1247 injiciam
766 1155 902 1223 Pontici
923 1167 1045 1246 poetae,
1072 1154 1129 1246 qui
1156 1157 1222 1222 Au·

186 1274 273 1366 gusti
302 1273 368 1342 fere
386 1298 456 1343 aevo
481 1273 685 1342 Thebaidem
711 1275 859 1368 scripsit,
885 1274 961 1358 sed,
991 1273 1114 1365 absque
1138 1275 1220 1340 Pro·

187 1392 294 1485 pertio
310 1406 409 1476 esset,
437 1407 585 1461 maneret
602 1395 744 1484 ignotus.
759 1396 801 1462 V.
823 1394 965 1487 interpp.
990 1390 1034 1459 ad
1051 1394 1220 1484 Propera,

187 1534 218 1597 1,
241 1537 272 1606 7,
292 1513 386 1597 init,
406 1514 585 1604 prasertim
603 1516 809 1599 Burmann,
827 1538 860 1606 p.
883 1536 938 1607 70·

234 1632 294 1699 111.
312 1635 547 1700 Acutumnos
563 1630 702 1715 titn‘ll,
721 1657 821 1725 quam
830 1656 919 1699 mors
931 1645 1128 1724 praematura
1142 1632 1218 1698 Sta·

187 1751 270 1819 tium
284 1748 452 1818 absolvere
468 1750 648 1843 prohibuit.
664 1752 750 1820 Nam
768 1751 950 1819 Britannici
969 1765 1001 1818 et
1011 1749 1150 1817 aliorum
1167 1775 1220 1817 er-

185 1892 253 1956 ror,
268 1869 366 1936 etiam
383 1868 425 1936 ab
441 1870 600 1936 Lemaerio
618 1871 794 1962 repetitus,
814 1869 912 1936 nimis
929 1883 1061 1961 apertus
1083 1882 1140 1936 est.
1166 1870 1220 1938 Ne

186 1984 366 2054 secundum
384 1986 517 2079 quidem
536 1985 657 2054 librum
676 1987 794 2055 linivit.
811 1991 850 2056 In
866 1990 962 2058 MSS.
982 1986 1048 2056 fere
1068 1989 1101 2054 in
1121 1988 1220 2078 quin-

186 2126 251 2194 que
269 2101 373 2173 libros
390 2104 495 2173 divisa
517 2120 632 2174 exstat

235 2224 427 2292 Domitiani
441 2229 635 2316 Res'gestos
663 2227 697 2293 in
715 2248 821 2315 agone
840 2221 969 2290 Albano
987 2243 1020 2287 se
1038 2218 1220 2289 celebrasse

185 2340 349 2433 significat
365 2342 443 2411 Silv.
471 2366 521 2425 iv,
538 2368 574 2427 a,
592 2340 639 2410 65
656 2365 704 2431 sq.
727 2366 735 2406 :
756 2364 837 2431 quas
857 2363 899 2406 an
918 2339 952 2404 in
969 2362 1086 2405 manus
1109 2337 1219 2406 homi-

187 2482 267 2525 num
283 2459 395 2525 venire
415 2458 566 2549 jusserit,
586 2459 748 2525 incertum
767 2470 825 2524 est.
847 2459 900 2524 De
919 2458 1038 2550 Agave
1058 2456 1219 2549 tragoedia

186 2575 270 2645 nihil
279 2577 400 2644 scimus
410 2590 529 2670 praeter
543 2601 596 2664 ea,
610 2600 683 2669 quae
693 2575 860 2645 luvenalis
877 2575 1002 2644 indicat
1019 2575 1092 2645 loco
1103 2574 1213 2644 allato.

653 2795 668 2860 S
688 2791 739 2847 Ill.

528 2977 864 3046 SCHOLIASTAE.

230 3169 315 3255 Quae
338 3167 381 3235 ad
403 3166 509 3236 Silvas
539 3166 712 3260 adscriptae
734 3166 889 3259 leguntur
916 3166 1030 3258 glossae
1051 3182 1084 3235 et
1101 3168 1215 3238 breves

183 3286 414 3380 explicationes
438 3287 471 3354 in
498 3287 610 3356 codice
632 3287 824 3371 Parisiensi,
850 3300 925 3378 post
949 3286 1094 3355 medium
1116 3313 1215 3357 saecu·

182 3402 252 3474 lum
275 3430 319 3472 xv
338 3419 487 3491 exarato,
519 3405 613 3474 valde
641 3420 786 3474 recentes
814 3418 892 3473 sunt
924 3420 957 3474 et
981 3422 1057 3499 post
1082 3423 1213 3476 renatas

182 3520 306 3592 litteras
330 3522 433 3591 factae.
461 3522 526 3591 Sed
546 3525 687 3618 antiqua
710 3523 839 3592 scholia
858 3538 987 3593 exstant
1005 3525 1048 3593 ad
1068 3527 1212 3595 Thebai·

183 3641 306 3711 demet
325 3639 550 3711 Achilleidem.
577 3643 724 3710 Primum
749 3657 828 3711 nota
854 3642 910 3712 illa
934 3647 1109 3714 Laetantii
1128 3646 1177 3715 Pl
1199 3686 1213 3700 ·

182 3758 264 3843 cidi,
276 3760 369 3854 cujus
384 3759 445 3827 sub
456 3761 589 3828 nomine
605 3761 702 3829 etiam
711 3760 825 3853 glossae
837 3777 961 3832 veteres
975 3749 1084 3832 latinae
1094 3764 1213 3853 (multo

182 3877 314 3969 quidem
333 3880 526 3971 integriores
547 3881 581 3946 in
609 3878 704 3948 codd.
722 3883 879 3950 Parisinis
899 3908 997 3975 quam
1024 3885 1057 3951 in
1078 3886 1211 3953 Vatica-

184 3996 254 4084 nis,
274 3997 361 4068 unde
383 4022 437 4066 eas
460 3997 563 4066 edidit
583 4000 673 4091 Ang.
694 3998 826 4094 Maius)
846 4016 878 4069 et
896 4018 1089 4095 argumenta
1114 4016 1212 4070 meta-
