<?xml version="1.0" encoding="UTF-8"?>
<!DOCTYPE html PUBLIC "-//W3C//DTD XHTML 1.0 Transitional//EN"
    "http://www.w3.org/TR/xhtml1/DTD/xhtml1-transitional.dtd">
<html xmlns="http://www.w3.org/1999/xhtml" xml:lang="en" lang="en">
 <head>
  <title>
</title>
<meta http-equiv="Content-Type" content="text/html;charset=utf-8" />
  <meta name='ocr-system' content='tesseract 3.04.00' />
  <meta name='ocr-capabilities' content='ocr_page ocr_carea ocr_par ocr_line ocrx_word'/>
</head>
<body>
  <div class='ocr_page' id='page_1' title='image "./publiipapiniist01statgoog_0348.png"; bbox 0 0 2812 5258; ppageno 0'>
   <div class='ocr_carea' id='block_1_1' title="bbox 302 429 1329 492">
    <p class='ocr_par' dir='ltr' id='par_1_1' title="bbox 302 429 1329 492">
     <span class='ocr_line' id='line_1_1' title="bbox 302 429 1329 492; baseline -0.004 -11"><span class='ocrx_word' id='word_1_1' title='bbox 302 429 338 481; x_wconf 67' lang='grc' dir='ltr'>ει</span> <span class='ocrx_word' id='word_1_2' title='bbox 611 429 822 485; x_wconf 78' lang='lat' dir='ltr'>ruanunos</span> <span class='ocrx_word' id='word_1_3' title='bbox 844 431 954 486; x_wconf 78' lang='lat' dir='ltr'>nmen</span> <span class='ocrx_word' id='word_1_4' title='bbox 977 433 1011 484; x_wconf 91' lang='lat' dir='ltr'>v.</span> <span class='ocrx_word' id='word_1_5' title='bbox 1216 429 1329 492; x_wconf 54' lang='lat' dir='ltr'>tussa&gt;</span> 
     </span>
    </p>
   </div>
   <div class='ocr_carea' id='block_1_2' title="bbox 278 554 1280 3875">
    <p class='ocr_par' dir='ltr' id='par_1_2' title="bbox 300 554 1114 649">
     <span class='ocr_line' id='line_1_2' title="bbox 300 554 1114 649; baseline 0.004 -30"><span class='ocrx_word' id='word_1_6' title='bbox 300 557 353 622; x_wconf 86' lang='lat' dir='ltr'>lra</span> <span class='ocrx_word' id='word_1_7' title='bbox 373 559 474 648; x_wconf 89' lang='lat' dir='ltr'>patris</span> <span class='ocrx_word' id='word_1_8' title='bbox 493 583 501 624; x_wconf 92' lang='lat'>:</span> <span class='ocrx_word' id='word_1_9' title='bbox 521 554 620 648; x_wconf 80' lang='lat' dir='ltr'>longo</span> <span class='ocrx_word' id='word_1_10' title='bbox 639 569 725 649; x_wconf 86' lang='lat' dir='ltr'>raprt</span> <span class='ocrx_word' id='word_1_11' title='bbox 740 579 819 622; x_wconf 83' lang='lat' dir='ltr'>arra</span> <span class='ocrx_word' id='word_1_12' title='bbox 836 559 1000 623; x_wconf 82' lang='lat' dir='ltr'><strong>morantia</strong></span> <span class='ocrx_word' id='word_1_13' title='bbox 1016 581 1114 649; x_wconf 89' lang='lat' dir='ltr'>passu</span> 
     </span>
    </p>

    <p class='ocr_par' dir='ltr' id='par_1_3' title="bbox 299 674 1249 769">
     <span class='ocr_line' id='line_1_3' title="bbox 299 674 1249 769; baseline 0.002 -29"><span class='ocrx_word' id='word_1_14' title='bbox 299 676 489 743; x_wconf 77' lang='lat' dir='ltr'>Vociferans</span> <span class='ocrx_word' id='word_1_15' title='bbox 506 703 515 743; x_wconf 92' lang='lat'>:</span> <span class='ocrx_word' id='word_1_16' title='bbox 532 707 549 740; x_wconf 70' lang='lat' dir='ltr'>a</span> <span class='ocrx_word' id='word_1_17' title='bbox 559 674 618 744; x_wconf 86' lang='lat' dir='ltr'>Illa</span> <span class='ocrx_word' id='word_1_18' title='bbox 634 691 744 743; x_wconf 88' lang='lat' dir='ltr'>autem</span> <span class='ocrx_word' id='word_1_19' title='bbox 760 676 914 744; x_wconf 87' lang='lat' dir='ltr'>ubinam.</span> <span class='ocrx_word' id='word_1_20' title='bbox 930 677 984 743; x_wconf 90' lang='lat' dir='ltr'>cui</span> <span class='ocrx_word' id='word_1_21' title='bbox 1003 702 1103 769; x_wconf 85' lang='lat' dir='ltr'>parra</span> <span class='ocrx_word' id='word_1_22' title='bbox 1120 677 1249 743; x_wconf 80' lang='lat' dir='ltr'>cruoris</span> 
     </span>
    </p>

    <p class='ocr_par' dir='ltr' id='par_1_4' title="bbox 298 795 1180 889">
     <span class='ocr_line' id='line_1_4' title="bbox 298 795 1180 889; baseline -0.001 -25"><span class='ocrx_word' id='word_1_23' title='bbox 298 799 428 864; x_wconf 64' lang='lat' dir='ltr'>laetave</span> <span class='ocrx_word' id='word_1_24' title='bbox 447 796 566 864; x_wconf 90' lang='lat' dir='ltr'>damna</span> <span class='ocrx_word' id='word_1_25' title='bbox 585 796 672 864; x_wconf 83' lang='lat' dir='ltr'>mei?</span> <span class='ocrx_word' id='word_1_26' title='bbox 691 795 837 864; x_wconf 76' lang='lat' dir='ltr'><strong>vivitne?</strong></span> <span class='ocrx_word' id='word_1_27' title='bbox 857 795 1017 889; x_wconf 79' lang='lat' dir='ltr'>impellite</span> <span class='ocrx_word' id='word_1_28' title='bbox 1034 811 1180 889; x_wconf 78' lang='lat' dir='ltr'>raptam,</span> 
     </span>
    </p>

    <p class='ocr_par' dir='ltr' id='par_1_5' title="bbox 299 915 1144 998">
     <span class='ocr_line' id='line_1_5' title="bbox 299 915 1144 998; baseline 0.002 -15"><span class='ocrx_word' id='word_1_29' title='bbox 299 921 393 985; x_wconf 84' lang='lat' dir='ltr'>Ferte</span> <span class='ocrx_word' id='word_1_30' title='bbox 409 919 465 984; x_wconf 90' lang='lat' dir='ltr'>citi</span> <span class='ocrx_word' id='word_1_31' title='bbox 483 919 643 985; x_wconf 77' lang='lat' dir='ltr'>comites:</span> <span class='ocrx_word' id='word_1_32' title='bbox 663 915 739 985; x_wconf 71' lang='lat' dir='ltr'>fano</span> <span class='ocrx_word' id='word_1_33' title='bbox 755 920 863 985; x_wconf 92' lang='lat' dir='ltr'>omnis</span> <span class='ocrx_word' id='word_1_34' title='bbox 880 916 991 985; x_wconf 82' lang='lat' dir='ltr'>fabula</span> <span class='ocrx_word' id='word_1_35' title='bbox 1008 920 1144 998; x_wconf 85' lang='lat' dir='ltr'>Lemni,</span> 
     </span>
    </p>

    <p class='ocr_par' dir='ltr' id='par_1_6' title="bbox 296 1036 1097 1131">
     <span class='ocr_line' id='line_1_6' title="bbox 296 1036 1097 1131; baseline 0 -27"><span class='ocrx_word' id='word_1_36' title='bbox 296 1040 340 1105; x_wconf 87' lang='lat' dir='ltr'>Et</span> <span class='ocrx_word' id='word_1_37' title='bbox 356 1052 464 1131; x_wconf 87' lang='lat' dir='ltr'>pater,</span> <span class='ocrx_word' id='word_1_38' title='bbox 480 1052 514 1105; x_wconf 89' lang='lat' dir='ltr'>et</span> <span class='ocrx_word' id='word_1_39' title='bbox 531 1036 666 1106; x_wconf 73' lang='lat' dir='ltr'>tumidae</span> <span class='ocrx_word' id='word_1_40' title='bbox 682 1037 810 1131; x_wconf 82' lang='lat' dir='ltr'>generis</span> <span class='ocrx_word' id='word_1_41' title='bbox 825 1038 997 1106; x_wconf 91' lang='lat' dir='ltr'>mendacia</span> <span class='ocrx_word' id='word_1_42' title='bbox 1014 1040 1097 1106; x_wconf 89' lang='lat' dir='ltr'>sacri</span> 
     </span>
    </p>

    <p class='ocr_par' dir='ltr' id='par_1_7' title="bbox 297 1156 1117 1251">
     <span class='ocr_line' id='line_1_7' title="bbox 297 1156 1117 1251; baseline -0.001 -26"><span class='ocrx_word' id='word_1_43' title='bbox 297 1157 523 1225; x_wconf 78' lang='lat' dir='ltr'>Exciderint»</span> <span class='ocrx_word' id='word_1_44' title='bbox 543 1157 633 1239; x_wconf 89' lang='lat' dir='ltr'>Ibat,</span> <span class='ocrx_word' id='word_1_45' title='bbox 653 1156 823 1250; x_wconf 80' lang='lat' dir='ltr'>letumque</span> <span class='ocrx_word' id='word_1_46' title='bbox 842 1156 964 1226; x_wconf 83' lang='lat' dir='ltr'>inferre</span> <span class='ocrx_word' id='word_1_47' title='bbox 982 1159 1117 1251; x_wconf 90' lang='lat' dir='ltr'>parabat</span> 
     </span>
    </p>

    <p class='ocr_par' dir='ltr' id='par_1_8' title="bbox 296 1277 1095 1373">
     <span class='ocr_line' id='line_1_8' title="bbox 296 1277 1095 1373; baseline -0.003 -25"><span class='ocrx_word' id='word_1_48' title='bbox 296 1284 383 1349; x_wconf 83' lang='lat' dir='ltr'>Ense</span> <span class='ocrx_word' id='word_1_49' title='bbox 399 1277 513 1347; x_wconf 81' lang='lat' dir='ltr'>bareas</span> <span class='ocrx_word' id='word_1_50' title='bbox 530 1294 627 1373; x_wconf 90' lang='lat' dir='ltr'>rapto</span> <span class='ocrx_word' id='word_1_51' title='bbox 646 1305 654 1345; x_wconf 94' lang='lat'><strong>:</strong></span> <span class='ocrx_word' id='word_1_52' title='bbox 672 1279 817 1346; x_wconf 79' lang='lat' dir='ltr'>venienti</span> <span class='ocrx_word' id='word_1_53' title='bbox 832 1281 982 1347; x_wconf 81' lang='lat' dir='ltr'>OEneius</span> <span class='ocrx_word' id='word_1_54' title='bbox 999 1279 1095 1347; x_wconf 89' lang='lat' dir='ltr'>beros</span> 
     </span>
    </p>

    <p class='ocr_par' dir='ltr' id='par_1_9' title="bbox 296 1401 1079 1495">
     <span class='ocr_line' id='line_1_9' title="bbox 296 1401 1079 1495; baseline -0.004 -25"><span class='ocrx_word' id='word_1_55' title='bbox 296 1401 440 1495; x_wconf 76' lang='lat' dir='ltr'>Impiger</span> <span class='ocrx_word' id='word_1_56' title='bbox 456 1401 586 1492; x_wconf 79' lang='lat' dir='ltr'>objecta</span> <span class='ocrx_word' id='word_1_57' title='bbox 604 1401 779 1495; x_wconf 73' lang='lat' dir='ltr'>proturbat</span> <span class='ocrx_word' id='word_1_58' title='bbox 800 1413 934 1494; x_wconf 80' lang='lat' dir='ltr'><strong>pectora</strong></span> <span class='ocrx_word' id='word_1_59' title='bbox 954 1424 1079 1493; x_wconf 89' lang='lat' dir='ltr'>parma.</span> 
     </span>
    </p>

    <p class='ocr_par' dir='ltr' id='par_1_10' title="bbox 296 1520 1280 1608">
     <span class='ocr_line' id='line_1_10' title="bbox 296 1520 1280 1608; baseline 0 -18"><span class='ocrx_word' id='word_1_60' title='bbox 296 1528 344 1591; x_wconf 72' lang='lat' dir='ltr'>Ac</span> <span class='ocrx_word' id='word_1_61' title='bbox 362 1520 461 1590; x_wconf 85' lang='lat' dir='ltr'>simui</span> <span class='ocrx_word' id='word_1_62' title='bbox 480 1520 669 1589; x_wconf 80' lang='lat' dir='ltr'>infremiens</span> <span class='ocrx_word' id='word_1_63' title='bbox 687 1548 696 1588; x_wconf 93' lang='lat'><strong>:</strong></span> <span class='ocrx_word' id='word_1_64' title='bbox 714 1523 827 1589; x_wconf 76' lang='lat' dir='ltr'>«Siste</span> <span class='ocrx_word' id='word_1_65' title='bbox 843 1523 950 1606; x_wconf 89' lang='lat' dir='ltr'>hunc,</span> <span class='ocrx_word' id='word_1_66' title='bbox 966 1546 1100 1608; x_wconf 82' lang='lat' dir='ltr'>vesane,</span> <span class='ocrx_word' id='word_1_67' title='bbox 1117 1521 1280 1607; x_wconf 87' lang='lat' dir='ltr'>furorem,</span> 
     </span>
    </p>

    <p class='ocr_par' dir='ltr' id='par_1_11' title="bbox 294 1643 1279 1736">
     <span class='ocr_line' id='line_1_11' title="bbox 294 1643 1279 1736; baseline -0.001 -24"><span class='ocrx_word' id='word_1_68' title='bbox 294 1645 456 1736; x_wconf 82' lang='lat' dir='ltr'>Quisquis</span> <span class='ocrx_word' id='word_1_69' title='bbox 475 1667 551 1711; x_wconf 74' lang='lat' dir='ltr'>es»</span> <span class='ocrx_word' id='word_1_70' title='bbox 568 1645 610 1712; x_wconf 76' lang='lat' dir='ltr'>la</span> <span class='ocrx_word' id='word_1_71' title='bbox 630 1644 756 1736; x_wconf 82' lang='lat' dir='ltr'>pariter</span> <span class='ocrx_word' id='word_1_72' title='bbox 774 1644 965 1736; x_wconf 77' lang='lat' dir='ltr'>Capaneus,</span> <span class='ocrx_word' id='word_1_73' title='bbox 984 1667 1125 1734; x_wconf 78' lang='lat' dir='ltr'>acerque</span> <span class='ocrx_word' id='word_1_74' title='bbox 1142 1643 1279 1711; x_wconf 83' lang='lat' dir='ltr'>reducto</span> 
     </span>
    </p>

    <p class='ocr_par' dir='ltr' id='par_1_12' title="bbox 295 1762 1221 1858">
     <span class='ocr_line' id='line_1_12' title="bbox 295 1762 1221 1858; baseline -0.008 -23"><span class='ocrx_word' id='word_1_75' title='bbox 295 1764 408 1835; x_wconf 73' lang='lat' dir='ltr'>adfini</span> <span class='ocrx_word' id='word_1_76' title='bbox 429 1762 679 1858; x_wconf 66' lang='lat' dir='ltr'>Hippomedon,</span> <span class='ocrx_word' id='word_1_77' title='bbox 696 1777 852 1856; x_wconf 84' lang='lat' dir='ltr'>rectoque</span> <span class='ocrx_word' id='word_1_78' title='bbox 869 1762 1106 1856; x_wconf 80' lang='lat' dir='ltr'>Erymanthius</span> <span class='ocrx_word' id='word_1_79' title='bbox 1124 1787 1221 1848; x_wconf 88' lang='lat' dir='ltr'>ense,</span> 
     </span>
    </p>

    <p class='ocr_par' dir='ltr' id='par_1_13' title="bbox 295 1881 1199 1979">
     <span class='ocr_line' id='line_1_13' title="bbox 295 1881 1199 1979; baseline -0.006 -23"><span class='ocrx_word' id='word_1_80' title='bbox 295 1892 344 1956; x_wconf 72' lang='lat' dir='ltr'>Ac</span> <span class='ocrx_word' id='word_1_81' title='bbox 356 1888 513 1979; x_wconf 69' lang='lat' dir='ltr'>juvenem</span> <span class='ocrx_word' id='word_1_82' title='bbox 531 1883 638 1953; x_wconf 81' lang='lat' dir='ltr'>inulto</span> <span class='ocrx_word' id='word_1_83' title='bbox 653 1885 881 1978; x_wconf 67' lang='lat' dir='ltr'>perstringunt</span> <span class='ocrx_word' id='word_1_84' title='bbox 899 1882 1033 1952; x_wconf 84' lang='lat' dir='ltr'>lumine.</span> <span class='ocrx_word' id='word_1_85' title='bbox 1059 1889 1101 1954; x_wconf 79' lang='lat' dir='ltr'>At</span> <span class='ocrx_word' id='word_1_86' title='bbox 1123 1881 1199 1951; x_wconf 91' lang='lat' dir='ltr'>inde</span> 
     </span>
    </p>

    <p class='ocr_par' dir='ltr' id='par_1_14' title="bbox 296 2004 1180 2102">
     <span class='ocr_line' id='line_1_14' title="bbox 296 2004 1180 2102; baseline -0.001 -27"><span class='ocrx_word' id='word_1_87' title='bbox 296 2014 472 2102; x_wconf 63' lang='lat' dir='ltr'>agrestum</span> <span class='ocrx_word' id='word_1_88' title='bbox 487 2031 549 2100; x_wconf 83' lang='lat' dir='ltr'>pm</span> <span class='ocrx_word' id='word_1_89' title='bbox 564 2031 642 2101; x_wconf 79' lang='lat' dir='ltr'>rege</span> <span class='ocrx_word' id='word_1_90' title='bbox 656 2031 775 2075; x_wconf 81' lang='lat' dir='ltr'>manus</span> <span class='ocrx_word' id='word_1_91' title='bbox 792 2032 802 2073; x_wconf 72' lang='grc' dir='ltr'>ε</span> <span class='ocrx_word' id='word_1_92' title='bbox 818 2031 904 2100; x_wconf 86' lang='lat' dir='ltr'>quos</span> <span class='ocrx_word' id='word_1_93' title='bbox 919 2007 1006 2074; x_wconf 87' lang='lat' dir='ltr'>inter</span> <span class='ocrx_word' id='word_1_94' title='bbox 1020 2004 1180 2075; x_wconf 78' lang='lat' dir='ltr'>Adrastus</span> 
     </span>
    </p>

    <p class='ocr_par' dir='ltr' id='par_1_15' title="bbox 295 2129 1061 2207">
     <span class='ocr_line' id='line_1_15' title="bbox 295 2129 1061 2207; baseline -0.005 -9"><span class='ocrx_word' id='word_1_95' title='bbox 295 2131 429 2207; x_wconf 75' lang='lat' dir='ltr'>Mitior,</span> <span class='ocrx_word' id='word_1_96' title='bbox 446 2143 480 2196; x_wconf 85' lang='lat' dir='ltr'>et</span> <span class='ocrx_word' id='word_1_97' title='bbox 498 2130 596 2197; x_wconf 82' lang='lat' dir='ltr'>sociae</span> <span class='ocrx_word' id='word_1_98' title='bbox 614 2129 739 2196; x_wconf 73' lang='lat' dir='ltr'>veritus</span> <span class='ocrx_word' id='word_1_99' title='bbox 757 2130 955 2196; x_wconf 68' lang='lat' dir='ltr'>commercia</span> <span class='ocrx_word' id='word_1_100' title='bbox 974 2129 1061 2194; x_wconf 70' lang='lat' dir='ltr'>vittae</span> 
     </span>
    </p>

    <p class='ocr_par' dir='ltr' id='par_1_16' title="bbox 295 2244 1149 2340">
     <span class='ocr_line' id='line_1_16' title="bbox 295 2244 1149 2340; baseline -0.009 -24"><span class='ocrx_word' id='word_1_101' title='bbox 295 2249 518 2340; x_wconf 72' lang='lat' dir='ltr'>Amphiaraus</span> <span class='ocrx_word' id='word_1_102' title='bbox 536 2251 583 2314; x_wconf 86' lang='lat' dir='ltr'>ait</span> <span class='ocrx_word' id='word_1_103' title='bbox 603 2274 612 2313; x_wconf 91' lang='lat'>:</span> <span class='ocrx_word' id='word_1_104' title='bbox 630 2250 707 2315; x_wconf 81' lang='lat' dir='ltr'>«Ne</span> <span class='ocrx_word' id='word_1_105' title='bbox 722 2272 834 2337; x_wconf 63' lang='lat' dir='ltr'>quaro</span> <span class='ocrx_word' id='word_1_106' title='bbox 853 2272 862 2311; x_wconf 92' lang='lat'><strong>:</strong></span> <span class='ocrx_word' id='word_1_107' title='bbox 882 2247 1028 2312; x_wconf 90' lang='lat' dir='ltr'>absistite</span> <span class='ocrx_word' id='word_1_108' title='bbox 1048 2244 1149 2324; x_wconf 81' lang='lat' dir='ltr'>ferro,</span> 
     </span>
    </p>

    <p class='ocr_par' dir='ltr' id='par_1_17' title="bbox 294 2360 1110 2454">
     <span class='ocr_line' id='line_1_17' title="bbox 294 2360 1110 2454; baseline -0.012 -19"><span class='ocrx_word' id='word_1_109' title='bbox 294 2369 390 2436; x_wconf 75' lang='lat' dir='ltr'>Unus</span> <span class='ocrx_word' id='word_1_110' title='bbox 405 2389 505 2431; x_wconf 80' lang='lat' dir='ltr'>arum</span> <span class='ocrx_word' id='word_1_111' title='bbox 523 2367 676 2454; x_wconf 85' lang='lat' dir='ltr'>sanguis;</span> <span class='ocrx_word' id='word_1_112' title='bbox 695 2387 779 2429; x_wconf 82' lang='lat' dir='ltr'>neve</span> <span class='ocrx_word' id='word_1_113' title='bbox 797 2360 965 2452; x_wconf 80' lang='lat' dir='ltr'>indulgete</span> <span class='ocrx_word' id='word_1_114' title='bbox 981 2361 1110 2426; x_wconf 81' lang='lat' dir='ltr'>furori:</span> 
     </span>
    </p>

    <p class='ocr_par' dir='ltr' id='par_1_18' title="bbox 292 2476 1153 2576">
     <span class='ocr_line' id='line_1_18' title="bbox 292 2476 1153 2576; baseline -0.007 -25"><span class='ocrx_word' id='word_1_115' title='bbox 292 2491 408 2576; x_wconf 69' lang='lat' dir='ltr'>hique</span> <span class='ocrx_word' id='word_1_116' title='bbox 425 2484 525 2574; x_wconf 84' lang='lat' dir='ltr'>pn&#39;or.</span> <span class='ocrx_word' id='word_1_117' title='bbox 538 2509 556 2541; x_wconf 87' lang='lat'><strong>»</strong></span> <span class='ocrx_word' id='word_1_118' title='bbox 573 2479 639 2546; x_wconf 85' lang='lat' dir='ltr'>Sed</span> <span class='ocrx_word' id='word_1_119' title='bbox 657 2503 724 2544; x_wconf 92' lang='lat' dir='ltr'>non</span> <span class='ocrx_word' id='word_1_120' title='bbox 742 2479 855 2545; x_wconf 90' lang='lat' dir='ltr'>sedato</span> <span class='ocrx_word' id='word_1_121' title='bbox 874 2477 1007 2570; x_wconf 80' lang='lat' dir='ltr'>pectore</span> <span class='ocrx_word' id='word_1_122' title='bbox 1023 2476 1153 2570; x_wconf 88' lang='lat' dir='ltr'>Tydeus</span> 
     </span>
    </p>

    <p class='ocr_par' dir='ltr' id='par_1_19' title="bbox 289 2595 1190 2695">
     <span class='ocr_line' id='line_1_19' title="bbox 289 2595 1190 2695; baseline -0.003 -26"><span class='ocrx_word' id='word_1_123' title='bbox 289 2604 429 2695; x_wconf 87' lang='lat' dir='ltr'>Subjicit</span> <span class='ocrx_word' id='word_1_124' title='bbox 446 2626 454 2665; x_wconf 91' lang='lat'>:</span> <span class='ocrx_word' id='word_1_125' title='bbox 473 2627 491 2660; x_wconf 75' lang='lat' dir='ltr'>n</span> <span class='ocrx_word' id='word_1_126' title='bbox 505 2602 601 2666; x_wconf 75' lang='lat' dir='ltr'>Anne</span> <span class='ocrx_word' id='word_1_127' title='bbox 619 2595 737 2663; x_wconf 87' lang='lat' dir='ltr'>ducem</span> <span class='ocrx_word' id='word_1_128' title='bbox 752 2598 1030 2689; x_wconf 78' lang='lat' dir='ltr'>servatricemque</span> <span class='ocrx_word' id='word_1_129' title='bbox 1046 2597 1190 2666; x_wconf 84' lang='lat' dir='ltr'>cohortis</span> 
     </span>
    </p>

    <p class='ocr_par' dir='ltr' id='par_1_20' title="bbox 291 2714 1056 2812">
     <span class='ocr_line' id='line_1_20' title="bbox 291 2714 1056 2812; baseline -0.005 -22"><span class='ocrx_word' id='word_1_130' title='bbox 291 2722 433 2790; x_wconf 73' lang='lat' dir='ltr'>Inachiae</span> <span class='ocrx_word' id='word_1_131' title='bbox 449 2719 586 2812; x_wconf 86' lang='lat' dir='ltr'>ingratis</span> <span class='ocrx_word' id='word_1_132' title='bbox 601 2739 712 2783; x_wconf 85' lang='lat' dir='ltr'>coram</span> <span class='ocrx_word' id='word_1_133' title='bbox 731 2729 781 2784; x_wconf 91' lang='lat' dir='ltr'>tot</span> <span class='ocrx_word' id='word_1_134' title='bbox 796 2714 940 2786; x_wconf 85' lang='lat' dir='ltr'>millibus</span> <span class='ocrx_word' id='word_1_135' title='bbox 955 2716 1056 2786; x_wconf 88' lang='lat' dir='ltr'>audes</span> 
     </span>
    </p>

    <p class='ocr_par' dir='ltr' id='par_1_21' title="bbox 288 2834 1152 2929">
     <span class='ocr_line' id='line_1_21' title="bbox 288 2834 1152 2929; baseline -0.006 -18"><span class='ocrx_word' id='word_1_136' title='bbox 288 2846 437 2911; x_wconf 84' lang='lat' dir='ltr'>Mactare</span> <span class='ocrx_word' id='word_1_137' title='bbox 456 2840 490 2905; x_wconf 91' lang='lat' dir='ltr'>in</span> <span class='ocrx_word' id='word_1_138' title='bbox 512 2834 677 2906; x_wconf 88' lang='lat' dir='ltr'>tumulos?</span> <span class='ocrx_word' id='word_1_139' title='bbox 693 2837 810 2926; x_wconf 92' lang='lat' dir='ltr'>quanti</span> <span class='ocrx_word' id='word_1_140' title='bbox 827 2861 889 2929; x_wconf 92' lang='lat' dir='ltr'>pro</span> <span class='ocrx_word' id='word_1_141' title='bbox 907 2836 1032 2906; x_wconf 84' lang='lat' dir='ltr'>funeris</span> <span class='ocrx_word' id='word_1_142' title='bbox 1050 2836 1152 2906; x_wconf 85' lang='lat' dir='ltr'>ultor!</span> 
     </span>
    </p>

    <p class='ocr_par' dir='ltr' id='par_1_22' title="bbox 288 2956 1200 3050">
     <span class='ocr_line' id='line_1_22' title="bbox 288 2956 1200 3050; baseline 0 -22"><span class='ocrx_word' id='word_1_143' title='bbox 288 2963 350 3030; x_wconf 89' lang='lat' dir='ltr'>Cui</span> <span class='ocrx_word' id='word_1_144' title='bbox 370 2981 527 3050; x_wconf 87' lang='lat' dir='ltr'>regnum,</span> <span class='ocrx_word' id='word_1_145' title='bbox 548 2957 743 3048; x_wconf 83' lang='lat' dir='ltr'>genitorque</span> <span class='ocrx_word' id='word_1_146' title='bbox 760 2956 887 3041; x_wconf 87' lang='lat' dir='ltr'>Thoas,</span> <span class='ocrx_word' id='word_1_147' title='bbox 907 2972 940 3025; x_wconf 86' lang='lat' dir='ltr'>et</span> <span class='ocrx_word' id='word_1_148' title='bbox 959 2956 1089 3027; x_wconf 82' lang='lat' dir='ltr'>lucidus</span> <span class='ocrx_word' id='word_1_149' title='bbox 1107 2965 1200 3029; x_wconf 90' lang='lat' dir='ltr'>Evan</span> 
     </span>
    </p>

    <p class='ocr_par' dir='ltr' id='par_1_23' title="bbox 287 3071 1273 3172">
     <span class='ocr_line' id='line_1_23' title="bbox 287 3071 1273 3172; baseline 0.003 -25"><span class='ocrx_word' id='word_1_150' title='bbox 287 3079 405 3170; x_wconf 89' lang='lat' dir='ltr'>Stirpis</span> <span class='ocrx_word' id='word_1_151' title='bbox 421 3099 501 3142; x_wconf 84' lang='lat' dir='ltr'>avus</span> <span class='ocrx_word' id='word_1_152' title='bbox 520 3099 527 3139; x_wconf 94' lang='lat'>:</span> <span class='ocrx_word' id='word_1_153' title='bbox 547 3071 717 3140; x_wconf 89' lang='lat' dir='ltr'>tumidone</span> <span class='ocrx_word' id='word_1_154' title='bbox 738 3099 873 3166; x_wconf 88' lang='lat' dir='ltr'>parum,</span> <span class='ocrx_word' id='word_1_155' title='bbox 893 3077 1002 3168; x_wconf 88' lang='lat' dir='ltr'>quod,</span> <span class='ocrx_word' id='word_1_156' title='bbox 1021 3083 1174 3172; x_wconf 88' lang='lat' dir='ltr'>gentibus</span> <span class='ocrx_word' id='word_1_157' title='bbox 1193 3086 1273 3150; x_wconf 86' lang='lat' dir='ltr'>actis</span> 
     </span>
    </p>

    <p class='ocr_par' dir='ltr' id='par_1_24' title="bbox 289 3191 1244 3293">
     <span class='ocr_line' id='line_1_24' title="bbox 289 3191 1244 3293; baseline 0.006 -30"><span class='ocrx_word' id='word_1_158' title='bbox 289 3195 442 3286; x_wconf 89' lang='lat' dir='ltr'>Undique</span> <span class='ocrx_word' id='word_1_159' title='bbox 463 3195 497 3260; x_wconf 95' lang='lat' dir='ltr'>in</span> <span class='ocrx_word' id='word_1_160' title='bbox 518 3215 610 3260; x_wconf 89' lang='lat' dir='ltr'>arma</span> <span class='ocrx_word' id='word_1_161' title='bbox 629 3191 713 3278; x_wconf 90' lang='lat' dir='ltr'>tuis,</span> <span class='ocrx_word' id='word_1_162' title='bbox 736 3194 823 3261; x_wconf 89' lang='lat' dir='ltr'>inter</span> <span class='ocrx_word' id='word_1_163' title='bbox 842 3195 958 3289; x_wconf 91' lang='lat' dir='ltr'>rapida</span> <span class='ocrx_word' id='word_1_164' title='bbox 979 3201 1112 3292; x_wconf 84' lang='lat' dir='ltr'>agmina</span> <span class='ocrx_word' id='word_1_165' title='bbox 1131 3226 1244 3293; x_wconf 86' lang='lat' dir='ltr'>pacem</span> 
     </span>
    </p>

    <p class='ocr_par' dir='ltr' id='par_1_25' title="bbox 285 3310 1149 3404">
     <span class='ocr_line' id='line_1_25' title="bbox 285 3310 1149 3404; baseline 0.006 -21"><span class='ocrx_word' id='word_1_166' title='bbox 285 3313 380 3384; x_wconf 88' lang='lat' dir='ltr'>Solus</span> <span class='ocrx_word' id='word_1_167' title='bbox 399 3312 520 3380; x_wconf 83' lang='lat' dir='ltr'>habes?</span> <span class='ocrx_word' id='word_1_168' title='bbox 535 3310 739 3404; x_wconf 84' lang='lat' dir='ltr'>habeasque,</span> <span class='ocrx_word' id='word_1_169' title='bbox 755 3328 788 3381; x_wconf 93' lang='lat' dir='ltr'>et</span> <span class='ocrx_word' id='word_1_170' title='bbox 805 3329 837 3382; x_wconf 90' lang='lat' dir='ltr'>te</span> <span class='ocrx_word' id='word_1_171' title='bbox 855 3317 993 3384; x_wconf 90' lang='lat' dir='ltr'>victoria</span> <span class='ocrx_word' id='word_1_172' title='bbox 1008 3322 1149 3388; x_wconf 90' lang='lat' dir='ltr'>Graium</span> 
     </span>
    </p>

    <p class='ocr_par' dir='ltr' id='par_1_26' title="bbox 282 3428 1208 3630">
     <span class='ocr_line' id='line_1_26' title="bbox 282 3428 1208 3532; baseline 0.009 -34"><span class='ocrx_word' id='word_1_173' title='bbox 282 3433 433 3498; x_wconf 89' lang='lat' dir='ltr'>Inveniat</span> <span class='ocrx_word' id='word_1_174' title='bbox 454 3428 587 3497; x_wconf 82' lang='lat' dir='ltr'>tumulis</span> <span class='ocrx_word' id='word_1_175' title='bbox 607 3432 790 3501; x_wconf 89' lang='lat' dir='ltr'>etiamnum</span> <span class='ocrx_word' id='word_1_176' title='bbox 811 3435 879 3503; x_wconf 85' lang='lat' dir='ltr'>haec</span> <span class='ocrx_word' id='word_1_177' title='bbox 899 3437 964 3505; x_wconf 86' lang='lat' dir='ltr'>fata</span> <span class='ocrx_word' id='word_1_178' title='bbox 984 3455 1208 3532; x_wconf 76' lang='lat' dir='ltr'>gementem.»</span> 
     </span>
     <span class='ocr_line' id='line_1_27' title="bbox 328 3550 1154 3630; baseline 0.015 -12"><span class='ocrx_word' id='word_1_179' title='bbox 328 3552 491 3618; x_wconf 84' lang='lat' dir='ltr'>Dixerat:</span> <span class='ocrx_word' id='word_1_180' title='bbox 509 3563 542 3616; x_wconf 93' lang='lat' dir='ltr'>et</span> <span class='ocrx_word' id='word_1_181' title='bbox 560 3550 691 3619; x_wconf 91' lang='lat' dir='ltr'>tandem</span> <span class='ocrx_word' id='word_1_182' title='bbox 710 3570 887 3625; x_wconf 87' lang='lat' dir='ltr'>cunctante</span> <span class='ocrx_word' id='word_1_183' title='bbox 905 3559 1086 3628; x_wconf 87' lang='lat' dir='ltr'>modestior</span> <span class='ocrx_word' id='word_1_184' title='bbox 1106 3564 1154 3630; x_wconf 90' lang='lat' dir='ltr'>ira</span> 
     </span>
    </p>

    <p class='ocr_par' dir='ltr' id='par_1_27' title="bbox 279 3669 1213 3763">
     <span class='ocr_line' id='line_1_28' title="bbox 279 3669 1213 3763; baseline 0.016 -26"><span class='ocrx_word' id='word_1_185' title='bbox 279 3669 339 3738; x_wconf 93' lang='lat' dir='ltr'>llle</span> <span class='ocrx_word' id='word_1_186' title='bbox 359 3670 459 3737; x_wconf 87' lang='lat' dir='ltr'>refert</span> <span class='ocrx_word' id='word_1_187' title='bbox 480 3697 487 3738; x_wconf 92' lang='lat'><strong>:</strong></span> <span class='ocrx_word' id='word_1_188' title='bbox 510 3672 701 3763; x_wconf 79' lang='lat' dir='ltr'>«Equidem</span> <span class='ocrx_word' id='word_1_189' title='bbox 722 3700 787 3743; x_wconf 91' lang='lat' dir='ltr'>non</span> <span class='ocrx_word' id='word_1_190' title='bbox 807 3703 865 3746; x_wconf 91' lang='lat' dir='ltr'>vos</span> <span class='ocrx_word' id='word_1_191' title='bbox 883 3679 926 3747; x_wconf 93' lang='lat' dir='ltr'>ad</span> <span class='ocrx_word' id='word_1_192' title='bbox 944 3685 1065 3751; x_wconf 88' lang='lat' dir='ltr'>moenia</span> <span class='ocrx_word' id='word_1_193' title='bbox 1082 3684 1213 3755; x_wconf 79' lang='lat' dir='ltr'>Thebes</span> 
     </span>
    </p>

    <p class='ocr_par' dir='ltr' id='par_1_28' title="bbox 278 3789 1054 3875">
     <span class='ocr_line' id='line_1_29' title="bbox 278 3789 1054 3875; baseline 0.019 -19"><span class='ocrx_word' id='word_1_194' title='bbox 278 3789 403 3875; x_wconf 83' lang='lat' dir='ltr'>Rebar,</span> <span class='ocrx_word' id='word_1_195' title='bbox 421 3805 454 3857; x_wconf 87' lang='lat' dir='ltr'>et</span> <span class='ocrx_word' id='word_1_196' title='bbox 469 3790 605 3860; x_wconf 86' lang='lat' dir='ltr'>hostiles</span> <span class='ocrx_word' id='word_1_197' title='bbox 622 3793 689 3862; x_wconf 91' lang='lat' dir='ltr'>huc</span> <span class='ocrx_word' id='word_1_198' title='bbox 708 3796 878 3867; x_wconf 89' lang='lat' dir='ltr'>advenisse</span> <span class='ocrx_word' id='word_1_199' title='bbox 896 3816 1054 3871; x_wconf 88' lang='lat' dir='ltr'>catervas.</span> 
     </span>
    </p>
   </div>
   <div class='ocr_carea' id='block_1_3' title="bbox 278 3908 1318 4134">
    <p class='ocr_par' dir='ltr' id='par_1_29' title="bbox 278 3908 1318 4134">
     <span class='ocr_line' id='line_1_30' title="bbox 279 3908 1155 4019; baseline 0.024 -45"><span class='ocrx_word' id='word_1_200' title='bbox 279 3908 409 4002; x_wconf 86' lang='lat' dir='ltr'>Pergite</span> <span class='ocrx_word' id='word_1_201' title='bbox 428 3911 461 3977; x_wconf 92' lang='lat' dir='ltr'>in</span> <span class='ocrx_word' id='word_1_202' title='bbox 481 3911 661 3980; x_wconf 88' lang='lat' dir='ltr'>exscidium</span> <span class='ocrx_word' id='word_1_203' title='bbox 679 3917 777 4002; x_wconf 89' lang='lat' dir='ltr'>socii,</span> <span class='ocrx_word' id='word_1_204' title='bbox 798 3920 824 3985; x_wconf 90' lang='lat' dir='ltr'>si</span> <span class='ocrx_word' id='word_1_205' title='bbox 843 3933 934 3988; x_wconf 89' lang='lat' dir='ltr'>tanta</span> <span class='ocrx_word' id='word_1_206' title='bbox 952 3922 1122 4019; x_wconf 79' lang='lat' dir='ltr'>voluptaS,</span> <span class='ocrx_word' id='word_1_207' title='bbox 1150 3936 1155 3948; x_wconf 85' lang='grc'><em>“</em></span> 
     </span>
     <span class='ocr_line' id='line_1_31' title="bbox 278 4029 1318 4134; baseline 0.021 -40"><span class='ocrx_word' id='word_1_208' title='bbox 278 4029 470 4123; x_wconf 88' lang='lat' dir='ltr'>Sanguinis,</span> <span class='ocrx_word' id='word_1_209' title='bbox 491 4032 629 4100; x_wconf 86' lang='lat' dir='ltr'>imbuite</span> <span class='ocrx_word' id='word_1_210' title='bbox 644 4058 735 4103; x_wconf 89' lang='lat' dir='ltr'>arma</span> <span class='ocrx_word' id='word_1_211' title='bbox 754 4035 859 4124; x_wconf 89' lang='lat' dir='ltr'>domi,</span> <span class='ocrx_word' id='word_1_212' title='bbox 878 4056 977 4134; x_wconf 88' lang='lat' dir='ltr'>atquc</span> <span class='ocrx_word' id='word_1_213' title='bbox 994 4044 1062 4115; x_wconf 73' lang='lat' dir='ltr'>baec</span> <span class='ocrx_word' id='word_1_214' title='bbox 1082 4048 1176 4116; x_wconf 87' lang='lat' dir='ltr'>irrita</span> <span class='ocrx_word' id='word_1_215' title='bbox 1191 4045 1318 4116; x_wconf 91' lang='lat' dir='ltr'>dudum</span> 
     </span>
    </p>
   </div>
   <div class='ocr_carea' id='block_1_4' title="bbox 0 0 1410 5258">
    <p class='ocr_par' dir='ltr' id='par_1_30' title="bbox 0 0 1410 5258">
     <span class='ocr_line' id='line_1_32' title="bbox 0 0 1410 5258; baseline 0 7"><span class='ocrx_word' id='word_1_216' title='bbox 0 0 1410 5258; x_wconf 95' lang='lat' dir='ltr'> </span> 
     </span>
    </p>
   </div>
  </div>
 </body>
</html>
