2812 5258
263 1075 933 1277 SILVARUM

468 1462 639 1548 LIBER
670 1466 725 1545 11.

520 1784 676 1800 —--·-·

314 2027 376 2093 AD
402 2028 641 2096 MELIOREM
665 2034 881 2102 ATEDIUM.

81 2261 157 2386 Er
173 2308 374 2378 ldmiliaritas
391 2325 517 2397 nostra,
533 2337 599 2404 qua
614 2313 757 2406 gaudeo,
772 2313 892 2382 Melior
905 2317 957 2383 vir
970 2318 1109 2409 optime,

80 2455 139 2498 nec
160 2432 271 2497 minus
289 2430 323 2495 in
341 2428 467 2521 judicio
485 2428 685 2518 litterarum,
701 2456 799 2524 quam
814 2435 848 2499 in
863 2435 953 2501 omni
969 2436 1043 2503 vitae
1057 2460 1109 2505 eo·

78 2546 147 2616 lore
165 2548 355 2632 tersissime‚
374 2562 406 2614 et
420 2549 494 2640 ipsa
508 2548 740 2640 opusculorum
755 2575 826 2641 quae
843 2552 902 2619 tibi
919 2552 1012 2620 trado
1028 2579 1107 2622 con·

78 2667 159 2734 ditio
182 2669 229 2734 sic
253 2668 357 2761 posita
376 2681 438 2752 est,
458 2681 495 2735 ut
516 2682 603 2736 totus
621 2670 675 2737 hio
695 2668 777 2736 alter
796 2668 878 2737 liber
896 2695 989 2738 meus
1008 2673 1107 2739 etiam

79 2786 148 2853 sine
163 2785 300 2878 epistola
316 2800 528 2879 exspectetur.
547 2789 695 2855 Primum
711 2789 800 2855 enim
820 2787 919 2855 habet
934 2786 1106 2857 Glauciam

79 2918 247 2990 nostrum,
268 2907 360 2998 cujus
382 2906 599 2999 gratissimam
618 2906 810 2991 infantiam,
829 2919 861 2973 et
880 2905 1011 2998 qualem
1034 2904 1105 2999 ple·

77 3047 216 3116 rumque
228 3022 372 3092 infelices
385 3025 583 3108 sortiuntur,
596 3024 684 3117 apud
699 3039 730 3092 te
741 3021 928 3118 complexus
944 3023 1104 3091 amabam.

76 3144 149 3209 Jam
166 3167 243 3211 vero
260 3143 319 3209 tibi
335 3142 433 3235 hujus
450 3143 559 3211 amissi
575 3165 687 3210 recens
702 3140 821 3210 vulnus
837 3142 893 3234 (ut
907 3139 985 3234 scis)
1001 3141 1105 3234 epioe·

78 3259 132 3326 dio
160 3276 349 3354 prosecutus
377 3286 465 3348 sum,
493 3260 574 3327 adeo
598 3259 805 3344 festinanter,
829 3273 867 3328 ut
887 3259 1103 3329 excusandam

78 3377 248 3448 habuerim
262 3380 432 3449 affectibus
450 3380 514 3446 tuis
531 3377 739 3447 celeritatem.
750 3381 820 3448 Nec
832 3403 920 3447 nuno
932 3403 1003 3447 eam
1015 3377 1103 3471 apud

81 3487 111 3561 te
128 3498 228 3589 jacto,
250 3499 307 3590 qui
326 3501 429 3584 nosti,
448 3497 505 3565 sed
524 3510 557 3565 et
577 3499 692 3566 ceteris
712 3497 837 3583 indieo;
856 3521 898 3564 ne
918 3497 990 3589 quis
1011 3520 1104 3588 aspe-

79 3614 165 3682 riore
185 3614 262 3684 lima
280 3642 411 3685 carmen
435 3619 618 3704 examinet,
636 3632 669 3685 et
687 3641 706 3684 a
721 3617 857 3686 confuso
876 3617 1050 3708 scriptum,
1071 3628 1103 3682 et

78 3730 202 3800 dolenti
217 3732 350 3819 datum,
368 3761 469 3829 quum
493 3762 585 3830 paene
602 3760 803 3831 supervacua
820 3737 885 3802 sint
906 3733 996 3801 tarda
1015 3729 1101 3800 sola·

77 3852 134 3919 tia.
152 3850 250 3920 Pollii
269 3854 335 3920 mei
351 3852 439 3922 Villa
455 3858 648 3926 Surrentina
672 3880 744 3949 quae
767 3855 928 3947 sequitur,
948 3853 1060 3920 debuit
1083 3875 1101 3918 a

76 3969 195 4039 merel
211 3972 245 4040 in
261 3971 421 4040 honorem
439 3972 630 4068 eloquentiae
645 3976 715 4068 ejus
731 3974 920 4068 diligentius
939 3971 1003 4039 dici
1020 3996 1028 4036 ε
1046 3967 1102 4035 sed

216 4114 237 4158 r.
937 4087 957 4157 3
