2812 5258
183 406 229 463 xiv
355 406 360 413 '
482 403 532 461 DE
552 406 580 462 P.
599 404 750 460 ummo
770 403 901 458 srtrlo

291 520 329 573 lio
336 518 411 573 edita
418 518 513 585 Paris,
522 517 574 586 8‚3
584 517 650 571 voll.
661 519 788 588 Guyetus
797 515 925 570 inStatio
938 515 1116 589 magisetiam
1124 534 1210 591 quarn

290 610 320 664 in
339 609 399 665 aliis
413 608 583 664 temerarius.
599 607 750 682 Peyraredi
769 607 897 680 quaedam
914 608 1139 663 memoravimus.

186 702 267 768 1664.
289 703 361 757 Cum
374 700 574 757 commentario
593 700 967 770 Gssran1sBinrnrr‚post
984 699 1095 754 obitum
1112 699 1174 772 ejus
1193 720 1210 756 a

293 794 414 847 Daumio
436 791 525 860 edita,
542 792 673 865 Cygueae,
688 798 718 860 4,
738 797 754 855 4
774 791 840 847 voll.
862 789 1031 845 Immortalis
1048 791 1154 845 Barthii
1174 791 1209 847 de

292 883 379 940 Statio
399 883 510 950 merita,
533 893 560 937 et
578 883 616 937 ob
636 881 808 953 optimomm
827 880 958 935 codicum
979 900 1059 936 usum
1079 879 1209 957 (quossi

292 974 449 1031 accuratius
466 973 574 1046 ubique
588 972 773 1041 distinxisset,
792 971 860 1026 nihil
874 971 932 1026 iere
951 983 1108 1044 superesset
1128 974 1209 1046 quod

292 1064 428 1140 optares),
447 1075 476 1120 et
495 1066 533 1120 ob
549 1064 706 1120 doctrinam
722 1063 870 1120 maximam
888 1063 918 1117 in
940 1063 1108 1136 explicando
1126 1066 1209 1120 exhi-

292 1158 389 1215 bitam.
398 1159 463 1212 llaec
478 1156 515 1212 ita
529 1156 684 1231 intelligere
696 1155 768 1226 noli,
783 1173 814 1209 ac
827 1155 850 1210 si
862 1155 968 1210 Barthii
982 1154 1123 1226 judicium
1135 1173 1209 1229 pro-

289 1251 419 1304 baremus
433 1249 596 1322 ubicunque
611 1269 617 1302 :
632 1262 719 1308 πολλοῦ
733 1255 774 1307 sel
791 1251 840 1307 elsi.
860 1246 917 1302 Sed
934 1247 1093 1320 Papinianis
1108 1248 1208 1304 studiis

290 1339 320 1395 in
337 1358 420 1395 omne
434 1349 543 1411 tempus
557 1339 769 1395 fundamentum
789 1337 985 1392 solidissimum
1001 1339 1207 1410 perseverentia

291 1451 341 1488 sua
350 1431 512 1487 substruxit.
525 1433 624 1486 lnsaue
637 1448 705 1486 vero
720 1429 776 1503 egit
786 1429 936 1496 Daumius,
949 1429 1030 1501 quod
1043 1430 1204 1486 Gronoviu-

227 1524 230 1530 ’
292 1542 359 1579 num
374 1532 481 1578 textum
499 1521 636 1593 adjicere,
654 1539 738 1595 quum
751 1518 1030 1592 Lindenbrogianum
1050 1521 1207 1576 Barthianis

290 1613 380 1688 copiis
399 1625 426 1668 et
444 1612 509 1667 crisi
522 1612 671 1668 emendare
688 1612 793 1667 maluit.
808 1613 847 1667 Ut
862 1629 969 1666 summa
987 1610 1048 1681 ejus
1065 1612 1207 1667 temerita-

289 1705 324 1760 tis
336 1704 514 1760 incommoda
527 1722 653 1778 premam
671 1703 795 1770 silentio,
808 1702 840 1757 id
857 1713 932 1758 certe
950 1702 1114 1773 dicendum,
1128 1706 1207 1760 Dau-

287 1795 336 1850 mii
349 1794 479 1850 meritum
497 1814 567 1862 esse,
581 1793 662 1868 quod
675 1793 784 1866 aliquot
801 1793 887 1849 millia
900 1794 1126 1850 emendationum
1141 1813 1208 1850 cer-

288 1886 456 1942 tissimarum
468 1886 506 1941 ad
519 1887 595 1940 hunc
604 1886 678 1941 diem
693 1885 724 1939 in
737 1885 943 1941 commentariis
956 1887 1065 1958 sepulta
1076 1885 1207 1958 jaceant,

289 1996 381 2050 neque
395 1977 424 2032 in
439 1977 522 2032 ullius
539 1977 672 2032 editionis
684 1986 765 2034 textu
781 1988 1025 2049 repraesententur.

184 2068 266 2142 1283.
286 2069 453 2142 Bisontios,
470 2069 496 2125 8.

183 2161 265 2220 1825.
286 2163 387 2216 Anu
398 2171 426 2218 et
439 2162 589 2231 Lunam,
599 2161 725 2231 Parisiis,
740 2161 773 2231 8,
789 2169 805 2228 4
819 2162 886 2215 voll.
900 2160 989 2214 Silvas
998 2177 1033 2214 ex
1046 2177 1101 2214 rec.
1112 2163 1209 2215 Mark-

288 2253 380 2322 tandi,
395 2253 504 2326 reliqua
526 2272 561 2309 ex
577 2273 632 2311 rec.
647 2253 797 2320 Gronovii,
811 2251 856 2306 hic
876 2249 932 2303 illic
954 2249 1120 2322 recognitis,
1141 2269 1207 2309 cum

287 2344 362 2398 notis
370 2344 483 2418 integris
496 2343 698 2399 Marklandiad
706 2342 812 2404 Silvas,
822 2339 996 2410 reliquorum
1009 2338 1124 2393 selectis.

183 2431 265 2491 18³3.
286 2435 388 2488 Gurnn.
403 2434 475 2487 Euat.
488 2435 628 2497 Wsssm,
643 2431 673 2484 in
692 2429 814 2501 Corpore
827 2439 978 2502 poetamm
1001 2430 1068 2495 loa,
1090 2431 1146 2484 vol.
1166 2449 1206 2498 ιι,

287 2521 415 2580 Francos.
433 2521 491 2591 Qui
510 2520 594 2576 etiam
615 2521 676 2591 hic,
689 2530 722 2575 ut
743 2519 774 2575 in
791 2530 853 2575 toto
868 2520 958 2591 libro,
977 2519 1059 2592 plura
1077 2523 1207 2593 praestitit

290 2631 374 2687 quum
387 2612 560 2687 promiserat
575 2612 632 2669 Sed
640 2615 808 2671 Broennerus
822 2612 952 2669 librarius
965 2613 1143 2669 vehementer
1156 2633 1206 2669 ac-

290 2703 428 2764 cusandus
450 2716 504 2776 est,
526 2706 669 2779 hocopus
684 2704 954 2781 typographicorum
970 2705 1105 2761 vitiorum
1122 2706 1206 2778 copia

291 2816 369 2872 pene
382 2797 508 2854 inaudita
520 2796 698 2871 inquinatum
707 2797 784 2853 exire
796 2815 900 2871 passus.

219 2973 255 3031 ll.
270 2973 431 3029 Srnvnuu.
446 2973 580 3046 Princeps
593 2972 637 3029 ed.
652 2992 673 3029 s.
687 2974 705 3026 l.
720 2983 748 3027 et
761 2990 785 3027 a.
800 2969 886 3048 (circe
899 2989 923 3025 a.
943 2969 1039 3046 1472),
1054 2978 1081 3038 4.
1096 2971 1206 3026 Deinde

183 3071 272 3138 1472,
290 3064 445 3120 Venenum
463 3065 615 3139 Spirensis,
635 3065 672 3120 ad
694 3066 797 3119 calcem
813 3063 927 3130 Catulli,
949 3070 981 3131 4,
1001 3065 1199 3135 seq.a.Porm.

291 3157 374 3227 1473,
389 3156 455 3213 item
468 3175 533 3212 cum
546 3158 656 3213 Catullo
670 3177 677 3212 ε
692 3167 721 3212 ct
733 3156 840 3229 saepius.

183 3243 265 3318 1475.
286 3248 423 3303 Romana.
438 3249 509 3306 Cum
522 3259 670 3305 comment.
681 3247 798 3303 Domitii
808 3245 958 3303 Calderini.
975 3247 1015 3300 Ci.
1034 3246 1069 3301 ad
1080 3265 1104 3302 a.
1119 3246 1203 3313 1480.

183 3334 330 3413 1599.Jo.
353 3340 496 3395 Bsmanii
515 3339 738 3397 commentarius.
764 3343 862 3406 Ante,
885 3339 913 3393 8.

183 3430 265 3489 1601.
290 3430 488 3485 et1602.ch.
502 3432 617 3486 Morelli
627 3431 844 3487 observationes.
854 3431 975 3499 Paris.,8
986 3441 1014 3486 et
1023 3438 1048 3498 4.

183 3521 264 3591 1637.
286 3518 394 3575 Prodiit
412 3521 638 3577 excellentissima
652 3523 703 3575 Fn.
724 3524 874 3576 Guorovrr
896 3522 1020 3576 Diatrele
1047 3523 1076 3575 in
1100 3522 1135 3575 St.
1164 3522 1203 3573 ti-

289 3611 350 3666 bms
362 3611 396 3675 V,
411 3612 481 3685 Hag.
496 3630 567 3666 com.
575 3652 584 3680 ,
599 3614 625 3668 8.
641 3611 710 3668 Inde
723 3612 784 3666 lites
797 3631 860 3667 cum
873 3614 1000 3668 Emerico
1016 3614 1139 3680 croceo,
1154 3614 1206 3685 qui

289 3701 378 3759 edidit
392 3703 615 3769 docilianiben,
630 3702 731 3772 Paris,
750 3703 831 3773 1637.
854 3705 906 3760 Cui
924 3704 1070 3778 respondit
1087 3707 1205 3759 Grono-

289 3791 351 3850 vius
360 3794 485 3849 Elenelro
501 3796 714 3860 Ann'clriztribes,
733 3797 822 3864 1640,
834 3796 945 3852 Parisiis
954 3797 1040 3853 edito.
1055 3798 1121 3864 Quo
1130 3796 1205 3850 libro

290 3903 318 3940 se
330 3884 413 3958 plane
426 3886 507 3961 argui
529 3906 587 3941 non
604 3887 737 3956 sentiens,
752 3887 913 3944 rusticitatis
929 3899 957 3944 et
975 3898 1084 3966 ἁιρωίας
1096 3906 1203 3942 monu—

289 3985 414 4031 mentum
422 3978 536 4052 reliquit
551 3980 693 4034 Cmceus:
712 3979 901 4046 Muscarium,
917 3982 993 4047 Pan,
1007 3979 1107 4034 eodem
1118 3996 1203 4033 anno.
