2812 5258
320 456 360 510 IN
380 458 409 510 Ρ.
432 459 460 511 P.
482 455 605 511 STATll
626 454 719 510 slnv.
741 458 809 514 LlB.
829 459 867 514 11.
1054 467 1106 538 ²⁵7

83 578 156 624 stum
172 587 193 624 s.
206 589 233 623 r.
245 593 258 618 ν
271 572 386 625 Manu.
401 569 444 626 Ct'.
458 569 495 624 ad
512 569 610 632 Theb„
628 564 689 637 xu,
709 577 774 641 447.
789 573 876 643 Quod
891 574 921 629 in
934 584 1012 632 textu
1026 597 1107 637 rece.

80 671 161 734 ptum
175 661 311 735 oportuit.
384 661 389 668 ’

121 752 246 808 Niveoe...
264 753 391 825 margine
404 753 476 824 npoe
489 750 527 828 (ι.
545 750 599 828 17).
614 753 667 809 Hic
679 771 851 829 magnopere
865 755 1109 833 offenditMarkl.;

82 843 134 924 secl
148 845 236 898 nireoe
256 842 453 915 explicandum
471 861 529 898 esse
544 841 657 898 videtui
674 843 797 920 frigida,
815 857 847 900 ut
865 848 969 902 niveum
986 852 1107 923 pmsms.

81 937 147 990 dum
160 952 204 1007 ap.
218 935 265 989 Sil.
281 936 358 1003 Ital,
376 953 421 1003 nv,
438 933 507 1004 535,
517 934 597 1007 quod
611 946 703 990 tamen
716 946 744 991 et
759 936 850 1009 ipsum
863 938 899 992 ab
920 940 955 993 N.
968 939 1063 998 ilcins.
1080 953 1108 1000 et

80 1026 179 1081 Marii.
194 1026 353 1100 corrigitur.

119 1119 292 1173 Aventrnoe...
314 1134 401 1171 cercoe
426 1113 462 1190 (r.
481 1115 539 1189 aa).
554 1118 627 1170 Rene
653 1116 771 1171 contulit
791 1117 891 1174 Markl.
911 1120 1023 1179 Festum
1041 1145 1061 1181 s.
1078 1147 1105 1184 ι.

80 1211 232 1265 Servorum
258 1208 317 1263 dies
340 1208 498 1263 :sServius
514 1208 650 1263 Tullius...
675 1209 762 1265 aedem
787 1209 882 1266 Dianae
911 1212 1050 1271 dedicavit
1077 1219 1107 1275 in

81 1299 235 1370 Aventino,
249 1289 438 1371 cujustutelae
452 1309 518 1354 sunt
530 1298 614 1353 cervi.
631 1322 643 1347 ν

118 1402 384 1480 Βερονιιὶτ]ἰι.τια(ν.
396 1403 870 1481 41).1destplantavit;exVirgil.,
881 1407 991 1482 Georg,
1007 1429 1042 1483 11,
1050 1413 1104 1469 23:

185 1576 231 1625 llic
244 1576 336 1642 plantas
349 1584 431 1625 tenero
442 1574 564 1625 abscidens
577 1574 607 1625 tle
617 1591 716 1642 corpore
727 1585 828 1626 manum

185 1659 300 1725 Deposuit
311 1658 387 1708 sulcis.

81 1839 178 1894 Paullo
204 1847 268 1893 ante
292 1838 459 1891 Primaevam
485 1837 548 1892 visu
564 1838 637 1894 bene
665 1839 800 1912 explicuit
821 1843 968 1913 Gronov„
992 1846 1103 1913 Diatr„

79 1949 109 2002 p.
127 1947 190 2002 109,
207 1948 270 2002 qua
283 1928 312 1982 in
330 1927 529 2000 perfectissima
549 1929 599 1982 aevi
617 1929 660 1984 sui
675 1940 741 2008 ἀκμῇ
755 1933 906 1988 constituta
920 1952 978 1989 esse
993 1936 1106 1993 videtur

81 2032 109 2077 et
121 2039 195 2075 nova
209 2038 241 2075 ac
256 2030 350 2074 tenera
364 2029 496 2091 apparet,
511 2029 543 2073 ut
561 2020 700 2076 Homerus
715 2020 750 2076 de
763 2022 878 2093 arbore,
898 2024 934 2079 ad
952 2044 1038 2098 quam
1049 2030 1105 2084 La-

81 2124 149 2168 tona
164 2112 320 2185 Apollinem
337 2111 434 2180 enixa,
454 2108 722 2186 dicat(0dyss.,v1,
743 2112 807 2188 163)
821 2123 920 2190 φοίνικος
932 2127 982 2176 νέον
997 2129 1066 2197 ἔρνος.

124 2217 245 2271 Τιινόανε
267 2214 305 2292 (v.
331 2211 391 2289 48).
407 2216 494 2270 «Non
515 2214 659 2270 turbidum
674 2215 766 2271 facere
787 2217 823 2271 ab
845 2217 919 2287 imo,
943 2221 1023 2292 quod
1037 2223 1104 2280 lolia

79 2309 149 2365 levia
164 2319 191 2363 et
206 2307 310 2362 caduca
324 2324 383 2361 non
400 2317 533 2380 possunt,
548 2306 597 2362 sed
605 2306 719 2363 miscere
728 2319 756 2363 et
768 2308 855 2363 veluti
868 2310 985 2367 variare.
995 2335 1011 2363 ν
1021 2315 1103 2371 Gao-
1183 2290 1187 2299 Ι

79 2419 162 2469 non,
180 2400 270 2454 Diatn
278 2437 288 2465 ,
302 2416 331 2472 p.
352 2397 398 2453 65.

123 2491 230 2545 Umbris
242 2501 381 2544 scrutatur
391 2490 648 2544 amantibusundas
662 2486 699 2566 (v.
716 2487 777 2566 55).
797 2494 850 2546 Per
862 2494 971 2548 umbras
988 2493 1105 2572 intelligi

79 2584 144 2639 folia
158 2581 269 2639 arboris
287 2591 362 2636 recte
375 2579 570 2636 animadvertit
582 2579 681 2637 Marll.
697 2600 730 2637 ex
752 2582 898 2651 ibebaui„
913 2604 953 2654 ιι,
974 2591 1026 2650 4οι
1045 2604 1053 2639 z

150 2784 152 2788 ·
182 2754 355 2806 ....Διώνη
367 2752 488 2803 redieram
501 2754 619 2803 montibus
632 2753 729 2813 umbre,

81 2923 143 2976 coll.
156 2920 251 2995 virg„
267 2919 382 2992 ὅσονόν,
398 2937 424 2987 1,
443 2919 507 2984 342.
524 2918 619 2972 Arbor
633 2917 720 2992 igitur
733 2916 855 2972 auctoris
870 2917 1009 2976 caloribus
1021 2922 1105 2995 plena

81 3012 147 3066 solia
164 3009 283 3066 demittit
296 3008 332 3064 ad
341 3008 448 3078 undas,
466 3027 536 3081 quas
550 3007 686 3063 indefessa
700 3007 798 3081 aspicit
812 3017 840 3062 et
853 3009 971 3064 scrutari
984 3010 1103 3069 videtur.

82 3106 176 3172 Quare
192 3121 250 3157 non
267 3100 420 3156 necessaria
439 3111 495 3170 cst,
512 3100 562 3156 etsi
578 3100 700 3175 elegans,
718 3099 876 3154 Marklandi
889 3102 1052 3171 conjectura
1064 3116 1106 3160 tu-

81 3204 160 3248 tumr.

121 3286 160 3338 Et
178 3298 281 3341 secrete
297 3290 400 3361 palam
415 3283 453 3362 (v.
477 3280 541 3360 69).
565 3280 712 3337 Sanissima
730 3300 787 3337 esse
806 3281 863 3336 baec
879 3282 966 3337 verba
987 3301 1105 3357 censeo,

82 3395 145 3430 cum
159 3377 318 3445 Gronorio,
330 3397 359 3450 p.
385 3394 456 3447 ιιο,
476 3374 525 3448 qui
544 3392 580 3427 nc
600 3371 813 3444 explicationem
833 3373 948 3446 quidem
966 3375 1104 3446 adjicien-

80 3469 145 3522 dam
162 3467 279 3539 putavit.
304 3469 444 3522 Tumultus
457 3466 532 3523 euim
546 3465 582 3520 ad
596 3464 713 3519 affectus
731 3475 760 3518 ct
776 3465 1001 3537 perturbationes
1019 3467 1105 3523 animi

80 3559 210 3626 refertur,
224 3568 255 3612 ut
268 3567 368 3611 notum
382 3576 389 3612 :
404 3577 491 3632 quare
497 3555 644 3631 subjungit
653 3555 756 3610 Statius
770 3576 776 3610 :
791 3557 848 3625 Qui
860 3575 919 3612 non
934 3557 1053 3628 secedis,
1062 3559 1103 3614 si-

82 3662 128 3706 cut
138 3650 184 3705 alii
199 3649 293 3718 multi,
308 3667 366 3720 quo
379 3649 578 3722 cupiditatibus
592 3666 700 3703 morem
714 3666 806 3723 geras,
816 3648 865 3703 sed
878 3651 922 3703 vel
936 3648 1105 3704 maccusius

80 3744 165 3812 rivis,
180 3754 321 3816 tamquam
330 3741 431 3813 palam
444 3758 514 3796 esses
532 3752 559 3797 et
573 3759 667 3797 coram
682 3740 809 3795 omnium
820 3738 917 3795 oculis.
932 3741 975 3795 De
983 3739 1038 3795 boc
1051 3758 1105 3796 usu

80 3834 159 3889 verbi
173 3846 290 3888 secretus
304 3828 407 3888 sufficit
424 3832 583 3889 unusloous
602 3830 704 3900 Taciti,
718 3832 839 3896 Annei,
858 3848 905 3898 ιι,
924 3846 957 3883 ar
980 3849 987 3884 :
1002 3853 1014 3880 ι
1030 3831 1105 3886 Dum

81 3924 110 3980 iu
124 3925 232 3999 oppido
245 3925 402 3981 Adrumeto
421 3920 516 3977 vacuis
536 3940 588 3995 per
600 3922 724 3981 medium
741 3921 797 3977 diei
814 3919 971 3994 porticibus
987 3933 1105 3977 necteus:

80 4016 173 4091 agitat.
194 4041 206 4066 ·

225 4139 248 4184 1.
368 4192 371 4197 ,
947 4135 986 4201 ¹7
