2812 5258
367 463 556 519 smmum
576 462 684 516 LIBER
705 461 751 513 IV.
1027 471 1077 508 rer

60 578 1082 615 mmmmm

558 909 591 992 I.

102 1261 197 1327 XVII
222 1256 517 1327 CONSULATUS
541 1258 632 1324 ΙΜΡ.
653 1255 761 1326 AUG.
786 1254 1044 1325 GERMANICI

442 1375 693 1444 DOMITIANI.

505 1717 635 1737 ...-

111 2013 214 2077 Lm
229 2008 280 2076 bis
295 2008 421 2075 octonis
438 2007 563 2077 accedit
577 2033 725 2103 purpura
740 2012 828 2080 fastis

64 2127 218 2212 Gesseris,
239 2125 465 2218 insignemque
485 2127 590 2218 aperit
605 2128 821 2196 Germanicus
837 2153 980 2218 aunum,

62 2249 170 2338 Atque
187 2245 292 2312 oritur
310 2267 387 2312 cum
402 2241 470 2312 sole
484 2268 591 2331 novo,
609 2269 685 2313 cum
699 2245 879 2339 grandibus
894 2248 1007 2334 astris,

61 2362 192 2431 Clarius
210 2364 278 2455 ipse
295 2362 422 2446 nitens,
439 2376 473 2431 et
488 2364 596 2455 primo
610 2364 717 2455 major
731 2367 813 2432 Eoo.
864 2439 866 2444 .

61 2479 234 2550 Exsultent
249 2479 336 2573 leges
351 2475 451 2548 Latiae
467 2505 475 2547 ε
492 2478 650 2572 gaudete,
665 2480 813 2566 curules;

62 2603 104 2668 Et
119 2599 375 2691 septemgemino
388 2598 563 2689 jactantior
578 2599 698 2667 aetbera
712 2598 819 2691 pulset

63 2723 168 2786 Romu
181 2720 280 2811 jug03
298 2715 436 2810 plusque
450 2732 527 2786 ente
543 2716 624 2786 alias
640 2716 826 2786 Evandrius
843 2740 933 2784 arces

64 2834 165 2904 Collis
180 2850 265 2904 ovet.
283 2836 418 2904 Subiere
435 2837 513 2904 novi
532 2834 656 2904 Palatia
673 2835 792 2921 fasces,
857 2914 859 2919 .

63 2958 105 3022 Et
121 2952 217 3021 rediit
235 2953 285 3022 bis
302 2967 409 3021 sextus
425 2952 549 3039 honos,
566 2953 781 3046 precibusque
794 2952 930 3045 receptis

63 3073 164 3140 Curia
182 3074 366 3140 Caesareum
386 3069 506 3164 gaudet
524 3071 640 3139 vicisse
657 3071 825 3165 pudorem.

62 3195 136 3282 Ipse
156 3192 253 3259 etiam
272 3191 422 3259 immensi
439 3203 609 3283 reparator
624 3191 784 3258 maximus
799 3189 858 3258 sevi

65 3305 195 3375 Attollit
208 3307 335 3395 vultus,
355 3323 388 3377 et
403 3321 577 3400 utroquea
593 3305 707 3375 limine
722 3320 829 3400 grates

64 3427 165 3491 Janus
179 3426 266 3518 ιςίις
282 3442 451 3518 quemn,
467 3427 574 3496 vicina
590 3431 675 3496 Pace
689 3423 844 3519 ligatum,

65 3539 187 3608 Omnia
200 3541 320 3632 jussisti
335 3568 532 3636 componere
549 3543 652 3631 bella,
667 3545 808 3636 novique

63 3660 105 3725 In
120 3655 207 3751 leges
219 3659 331 3750 jurare
345 3661 407 3729 fori
420 3688 429 3730 ι
444 3661 531 3731 levet
546 3687 620 3732 ecce
635 3662 767 3756 supinus

64 3776 150 3843 Hinc
165 3787 262 3867 atque
282 3774 359 3843 inde
375 3801 508 3866 manus,
523 3783 716 3873 geminaque
733 3778 796 3848 hue
812 3804 891 3848 voce
911 3778 1082 3873 profatur:

112 3923 129 3956 α
140 3890 254 3978 Salve,
272 3917 390 3988 magne
408 3918 524 3986 parens
539 3896 673 3983 mundi;
690 3898 746 3991 qui
766 3896 884 3967 secula
901 3920 1029 3966 mecum

63 4017 251 4081 Instaurare
268 4036 364 4107 puras
382 4040 390 4081 ε
414 4011 511 4082 tuem
529 4031 561 4084 te
580 4041 713 4085 cernere
731 4040 858 4108 semper
