2812 5258
88 421 1097 454 mmmmm

379 674 433 776 P.
465 676 520 777 P.
551 676 792 780 STATII

256 1004 922 1183 SILVARUM

435 1392 625 1478 LIBER
656 1394 734 1482 IV.

516 1716 671 1733 ..Φ

402 1926 462 1990 AD
486 1922 776 1994 MARCELLUM.

78 2145 215 2272 lrvnn
238 2197 375 2284 librum,
397 2197 554 2267 Marcelle
574 2201 758 2288 carissime,
778 2225 876 2295 quem
901 2205 1014 2296 pietati
1039 2218 1099 2274 tuae

46 2392 50 2401 ,
78 2317 271 2387 dedicarem.
291 2320 378 2385 Reor
397 2317 548 2409 equidem
567 2317 662 2387 aliter
680 2345 778 2412 quarn
798 2322 949 2390 invocato
966 2324 1100 2392 numine

78 2436 212 2504 maximi
229 2437 439 2529 Imperatoris
460 2433 588 2503 nullum
608 2438 803 2530 opusculum
826 2463 935 2507 meum
956 2451 1099 2534 coepisse.

77 2555 138 2625 sed
154 2554 208 2622 hic
224 2552 307 2621 liber
323 2567 388 2621 tres
404 2553 511 2622 habet.
528 2556 681 2647 Sequitur
697 2570 831 2648 quarta,
847 2581 920 2649 quoe
936 2557 978 2625 ad
996 2558 1101 2626 hono·

77 2697 147 2742 rem
171 2686 265 2741 tuum
292 2672 444 2765 pertinet.
472 2673 583 2741 Primo
605 2687 715 2742 autem
739 2677 914 2767 septimum
938 2672 1101 2741 decimum

79 2792 267 2859 Germanici
282 2790 386 2857 nostri
401 2788 607 2859 consulatum
623 2791 758 2860 adoravi
774 2817 782 2858 :
801 2790 963 2875 secundo,
981 2791 1101 2884 gratias

78 2909 129 3002 egi
156 2910 378 2978 sacratissimis
402 2909 472 3001 ejus
496 2907 611 3002 Epulis
633 2910 813 2978 honoratus
835 2935 843 2976 :
867 2910 983 2994 tertio,
1004 2910 1101 2978 Viam

79 3029 301 3096 Domitianam
325 3029 463 3095 miratus
486 3051 578 3115 sum,
600 3052 664 3120 qua
684 3030 906 3122 gravissimam
927 3051 1100 3095 arenarum

79 3169 203 3213 moram
232 3147 373 3232 exemit3
402 3152 496 3238 cujus
526 3145 684 3214 beneficio
715 3161 749 3215 tu
780 3169 911 3239 quoquc
941 3145 1101 3213 maturius

79 3264 248 3358 epistolam
263 3291 335 3334 cam
350 3267 505 3359 accipies,
523 3289 621 3358 quam
635 3265 695 3332 tibi
710 3266 744 3332 in
758 3265 820 3333 hoc
834 3262 917 3332 libro
930 3288 949 3331 a
961 3261 1100 3357 Neapoli

79 3382 194 3450 scribo.
218 3385 408 3453 Proximum
434 3397 482 3451 est
504 3384 659 3477 Lyricum
686 3406 817 3450 carmen
840 3381 883 3449 ad
907 3381 1100 3474 Septimium

78 3503 253 3588 Severum,
268 3503 441 3594 juvenem,
459 3504 508 3570 uti
525 3503 606 3588 scis,
626 3504 712 3570 inter
728 3502 951 3569 ornatissimos
966 3498 1099 3568 secundi

78 3619 224 3704 ordinis,
246 3635 338 3688 tuum
361 3623 492 3714 quidem
515 3625 613 3691 etiam
636 3620 919 3714 condiscipulum
942 3620 998 3689 sed
1020 3621 1100 3688 mihi

77 3752 193 3807 contra
207 3739 270 3806 hoc
284 3762 414 3831 quoque
426 3742 497 3831 jus,
513 3742 693 3809 arctissime
710 3764 822 3808 carum
837 3765 845 3805 :
863 3764 939 3806 nam
954 3737 1101 3806 Vindicis

80 3859 182 3925 nostri
196 3854 371 3925 Herculem
384 3858 627 3950 Epitrapezion,
639 3856 818 3926 secundum
830 3857 990 3926 honorem
1002 3879 1100 3948 quern

79 3973 120 4042 de
138 3999 208 4062 me,
227 3988 259 4042 et
279 3973 321 4043 de
338 3974 415 4067 ipsis
432 3973 545 4042 studiis
563 3990 722 4064 meretur,
744 3978 905 4068 imputare
923 3976 1022 4042 etiam
1041 3972 1101 4038 tibi

923 4115 954 4182 7.
