2812 5258
75 365 1119 426 mmmmm

294 654 514 759 LIBER
549 653 901 758 DECIMUS.

520 1000 675 1014 --·-*-

79 1192 244 1322 Onnum
262 1252 424 1346 Hesperia
442 1252 601 1321 Phoebum
623 1275 689 1319 nox
706 1251 842 1320 humida
861 1264 978 1343 porta,

76 1375 229 1466 Imperiis
247 1388 427 1467 properata
441 1375 531 1442 Jovis
550 1400 558 1442 :
579 1398 640 1443 nec
661 1388 769 1442 castra
784 1369 960 1466 Pelasgum

75 1497 145 1561 Aut
156 1494 273 1586 Tyrias
291 1496 464 1563 miseratus
483 1520 580 1588 opes,
600 1494 657 1564 sed
674 1497 787 1582 triste,
803 1508 854 1563 tot
873 1507 966 1561 extra

76 1617 219 1708 Agmina
236 1630 269 1684 et
289 1618 469 1686 immeritas
488 1616 576 1687 ferro
597 1615 788 1686 decrescere
808 1630 934 1711 gentes.

75 1734 238 1805 Panditur
253 1739 415 1808 immenso
428 1738 586 1807 deformis
599 1741 762 1832 sanguine
778 1762 924 1831 campus.

76 1854 149 1924 lllic
164 1883 270 1942 arma,
288 1874 320 1926 et
337 1884 458 1951 equos,
476 1859 569 1928 ibant
583 1859 706 1952 quibus
724 1873 801 1927 ante
819 1858 974 1952 superbi,

76 1981 103 2045 F
105 2002 275 2070 oneraque
292 1979 375 2046 orba
391 1980 497 2071 rogis,
513 1978 729 2074 neglectaque
747 1979 897 2047 membra
913 1975 1118 2069 relinquunt.

75 2098 173 2164 Tunc
188 2098 352 2167 inhonora
370 2100 490 2168 cohors
511 2098 627 2168 laceris
643 2100 826 2194 insignibus
846 2122 948 2192 aegras

77 2220 266 2287 Socernunt
282 2221 367 2288 acies
379 2273 389 2304 ‚
403 2237 588 2316 portaeque,
608 2222 799 2292 ineuntibus
815 2244 906 2289 arma

77 2344 236 2432 Augustae
253 2340 405 2435 populis,
424 2341 489 2410 late
505 2367 624 2436 cepere
640 2367 801 2413 reversos.

78 2462 142 2527 Par
161 2463 330 2555 utrimque
350 2461 469 2531 dolor:
493 2464 551 2532 sed
570 2463 650 2532 dant
670 2463 787 2534 solatia
802 2466 926 2534 Thebis
997 2554 999 2559 Ι

78 2584 233 2671 Quatuor
245 2598 393 2652 errantes
411 2588 566 2654 Danaum
584 2587 654 2655 sine
672 2587 812 2681 praeside
830 2602 963 2672 turmae3

79 2705 148 2772 Ceu
166 2728 257 2772 mare
270 2729 331 2798 per
346 2704 513 2774 tumidum
528 2704 635 2773 viduae
648 2706 898 2774 moderantibus
914 2706 1002 2793 alni,

78 2826 170 2912 Quas
189 2830 299 2909 Deus,
317 2841 351 2894 et
371 2852 481 2911 casus,
501 2840 780 2919 tempestatesque
799 2826 997 2920 gubernant.

127 2946 209 3015 Inde
233 2948 362 3015 animus
387 2949 513 3042 Tyriis,
537 2972 604 3016 non
631 2947 702 3040 jam
727 2971 786 3015 sua
808 2961 930 3034 castra,
948 2946 1006 3014 sed
1031 2945 1120 3016 ultro

79 3066 242 3136 Hostilem
262 3092 394 3136 servare
411 3069 539 3163 fugam,
561 3093 603 3138 ne
623 3068 710 3137 sorte
726 3071 883 3162 Mycenas

78 3191 237 3258 Contenti
254 3189 392 3257 rediisse
411 3204 526 3284 petant
548 3190 631 3258 :dat
652 3206 780 3267 tessera
792 3192 924 3284 signum

78 3311 255 3397 Excubiis,
275 3312 456 3406 positaeque
475 3313 562 3379 vices
585 3338 592 3379 :
613 3310 681 3379 dux
702 3313 809 3379 noctis
826 3325 950 3404 opertae

78 3430 175 3498 Sorte
191 3433 321 3525 Meges,
342 3431 497 3525 ultroque
517 3435 650 3525 Lycus:
667 3433 805 3524 jamque
821 3430 938 3499 ordine
953 3431 1047 3523 jusso

78 3554 198 3631 Arma,
216 3552 334 3646 dapes,
352 3555 529 3648 ignemque
543 3552 681 3621 serunt:
702 3579 762 3622 rex
782 3552 893 3621 firmat
910 3566 1026 3620 euntes
1046 3578 1053 3618 :

127 3702 144 3735 ε(
164 3673 315 3742 Victores
333 3678 508 3761 Danaum,
529 3699 589 3741 uec
611 3675 700 3742 enim
723 3673 779 3742 lux
799 3674 943 3742 crastina
963 3672 1082 3767 longe,

81 3770 150 3860 Nc'c
169 3817 242 3884 quae
256 3817 318 3885 pro
338 3796 461 3863 timidis
479 3797 695 3864 intercessere
716 3794 861 3864 tenebrae

80 3915 219 4006 Semper
234 3928 350 3997 erunt,
367 3930 486 4007 augete
505 3917 648 4002 animos,
665 3933 697 3983 et
715 3916 813 4009 digna
832 3914 984 3983 secundis

82 4037 219 4104 Pectora
238 4037 323 4103 sorte
343 4037 447 4104 Deis:
463 4037 552 4128 jacet
570 4039 678 4104 omnis
696 4035 800 4130 gloria
816 4040 950 4123 Lernae,
