2812 5258
344 456 400 494 ara
650 436 861 492 THEBAIDOS
884 435 990 491 LIBER
1013 436 1050 488 Π.
1265 435 1382 492 (ΗΜ

343 563 523 655 Obstupuit
542 563 616 628 visis
638 586 646 627 ε
667 562 735 629 ibat
753 575 879 645 tamen,
897 557 1031 626 horrida
1052 571 1181 624 tantum

342 678 488 774 Spicula,
508 696 541 747 et
560 679 719 747 inclusum
738 676 856 771 capulo
875 692 970 744 tenus
987 676 1141 744 admovet
1161 700 1290 747 ensem.

341 806 388 869 Ac
405 802 510 891 prior,
529 828 545 861 n
557 798 643 867 unde
658 798 739 866 viri?
756 797 876 890 quidve
892 794 1063 865 occultatis
1081 796 1114 863 in
1131 794 1280 864 nrmis?»

341 920 417 986 Non
436 916 553 985 humili
573 933 698 987 terrore
719 931 815 1011 rogat
835 942 843 983 ε
864 940 924 985 nec
941 914 1069 983 reddita
1085 930 1200 983 contra

341 1038 430 1119 Vox,
448 1036 613 1130 fidamque
630 1049 750 1130 negant
768 1050 917 1128 suspecta
934 1033 1062 1103 silentia
1080 1058 1201 1128 pacem

340 1159 425 1223 Ecce
440 1171 550 1224 autern
567 1170 660 1224 vasto
677 1155 835 1224 Chthonii
852 1169 1003 1223 contorta
1021 1153 1157 1240 lacerto,

340 1277 417 1362 Quo
434 1275 518 1342 duce
536 1275 617 1343 freta
634 1275 767 1361 cohors,
788 1273 892 1342 fuscas
915 1271 1088 1341 intervolat
1104 1297 1199 1341 auras

341 1397 457 1480 Hasta,
478 1394 534 1462 sed
551 1394 684 1462 audenti
700 1396 790 1462 Deus
808 1407 839 1460 et
860 1397 1004 1461 Fortuna
1020 1396 1164 1461 recessit.

339 1516 401 1580 Per
419 1528 526 1581 tamen
547 1511 658 1581 Olenii
678 1513 819 1606 tegimen
838 1513 923 1594 suis,
944 1525 1081 1603 atraque
1097 1513 1174 1579 setis

340 1636 460 1724 Terga,
477 1657 575 1726 super
590 1630 686 1699 laevos
702 1632 856 1699 humeros
872 1633 979 1699 vicina
996 1631 1106 1699 cruori

339 1749 480 1843 Effugit,
497 1764 530 1817 et
549 1750 646 1817 viduo
659 1749 814 1843 jugulum
832 1750 906 1817 ferit
924 1751 1017 1818 irrita
1034 1747 1136 1843 ligno.

339 1870 433 1935 Tunc
447 1869 580 1937 horrere
593 1892 708 1951 coruae,
725 1869 921 1963 sanguisque
937 1870 972 1936 iu
988 1867 1087 1936 corde
1103 1868 1219 1962 gelari.

340 1991 413 2055 Huc
427 1986 513 2054 ferus
530 2002 628 2080 atque
643 1985 721 2055 illuc
734 1990 896 2074 animum,
910 1985 1133 2081 pallentiaque
1145 1988 1196 2055 ira

340 2110 409 2175 Ora
428 2105 550 2193 ferens,
572 2132 631 2176 nec
652 2123 744 2177 tanta
764 2123 859 2202 putat
877 2109 938 2175 sibi
957 2106 1042 2174 bella
1059 2109 1183 2201 parari.

340 2229 461 2293 «Ferte
480 2228 618 2320 gradum
638 2244 769 2314 contra,
789 2252 972 2322 campoque
990 2229 1155 2321 erumpite
1171 2244 1301 2323 aperto.

339 2346 425 2431 Quis
445 2346 543 2412 timor
561 2346 723 2415 audendi?
742 2373 814 2441 quae
832 2363 923 2416 tanta
941 2346 1090 2440 ignavia?
1105 2345 1214 2437 solus,

340 2461 435 2531 Solus
447 2465 480 2530 in
493 2488 583 2533 arma
595 2490 677 2533 voco
689 2492 722 2533 :n
738 2490 844 2558 neque
857 2469 889 2533 in
903 2467 954 2534 his
966 2491 1074 2553 mora;
1086 2490 1172 2560 quos
1188 2468 1246 2539 ubi
1255 2464 1367 2563 plum

337 2583 448 2671 Quam
464 2596 568 2669 ratus,
586 2585 766 2653 innumeris
783 2584 872 2653 videt
887 2610 1060 2654 excursare
1074 2585 1228 2675 latebris,

337 2704 406 2768 Hos
426 2701 557 2794 prodire
574 2703 678 2797 jugis,
697 2702 771 2771 illos
791 2728 810 2771 e
828 2701 965 2772 vallibus
987 2704 1059 2773 irnis

337 2822 506 2901 Crescere,
525 2847 585 2889 nee
602 2847 724 2914 paucos
743 2848 875 2917 campo,
895 2837 1067 2916 totumque
1087 2824 1150 2893 sub
1165 2830 1271 2899 armis

337 2938 508 3009 Collucere
526 2943 587 3009 iter
609 2942 670 3035 (ut
688 2942 814 3013 clausas
833 2945 985 3039 indagine
1004 2944 1132 3040 profert

335 3061 375 3126 Iu
395 3059 540 3128 medium
560 3086 620 3128 vox
639 3064 744 3155 prima
762 3064 869 3157 feras)
888 3089 960 3158 quae
977 3063 1046 3134 solo
1064 3065 1221 3138 medendi

334 3179 481 3246 Turbata
499 3181 625 3249 ratione
643 3183 695 3250 via
713 3198 776 3265 est,
793 3185 876 3276 petit
894 3184 996 3252 ardua
1016 3184 1095 3254 dirae

335 3297 514 3389 Sphingos,
531 3314 564 3367 et
581 3301 714 3370 abscisis
732 3302 913 3397 infringens
931 3305 1082 3375 cautibus
1097 3330 1205 3378 uncas

334 3419 518 3508 Exsuperat
532 3419 612 3512 juga
628 3420 699 3488 dira
716 3446 848 3508 manus,
866 3423 1067 3517 scopuloque
1083 3428 1227 3519 potitus,

333 3535 432 3603 Unde
449 3536 563 3628 procul
582 3550 674 3630 tergo
691 3555 812 3624 metus,
826 3554 858 3607 et
875 3541 926 3607 via
944 3567 1048 3634 prona
1065 3546 1226 3637 nocendi,

335 3656 456 3721 Saxum
479 3657 609 3748 ingens,
630 3655 720 3747 quod
740 3659 794 3723 vix
814 3657 912 3751 plena
929 3664 1055 3732 cervice
1074 3682 1248 3758 gementes

333 3774 472 3841 Vertere
489 3775 606 3858 humo,
626 3776 793 3868 murisque
810 3776 918 3846 valent
939 3781 1060 3851 inferre
1071 3784 1229 3876 juvenci,

334 3892 484 3985 Rupibus
500 3892 610 3962 avellit
626 3920 633 3961 :
649 3894 725 3961 dein
744 3909 814 3964 toto
830 3903 988 3993 sanguine
1005 3904 1101 3971 nixus

336 4010 497 4094 Sustinet,
517 4016 691 4082 immonem
711 4038 859 4107 quaereus
877 4016 997 4088 librare
1014 4022 1162 4106 ruinam
