2812 5258
185 502 217 562 u.
234 502 285 565 72.)
544 489 584 543 m
605 486 867 543 murumouu.
1161 484 1216 559 359

185 609 282 676 Absit
297 606 339 674 ub
356 606 489 697 ingenie
512 627 550 670 uc
565 602 688 669 viribus
704 600 930 686 AEaeidarum,

184 731 231 797 Ut
248 727 394 795 dubitem
415 749 475 817 pro
490 722 585 791 laude
602 723 702 805 mori,
721 736 930 813 mutuamque
951 746 1159 815 supremum,

185 850 293 937 Quem
311 848 367 916 dat
383 850 500 931 Parca,
521 844 631 912 diem:
652 841 734 908 mihi
754 866 830 908 nam
848 840 903 911 lux
917 843 1059 936 amplior
1071 843 1137 914 ulla
1149 858 1217 914 est.

185 971 269 1057 Quae
285 970 404 1035 virtute
421 964 508 1049 fluit,
526 986 599 1052 quae
619 963 723 1029 nescit
738 960 879 1030 claustra
897 964 1060 1057 sepulcri?

185 1094 336 1180 Namque
354 1085 498 1153 hominis
515 1107 652 1175 semper,
670 1083 864 1150 meritorum
880 1082 950 1176 lege
970 1090 1128 1179 perenni,

185 1212 295 1298 Quam
315 1206 441 1273 breviat
458 1203 577 1289 fatum,
594 1218 755 1296 propagat
769 1201 874 1295 gloria
894 1206 1006 1275 vitam.

185 1332 274 1420 Ergo
293 1328 422 1393 unimus
442 1324 546 1393 fidens
569 1326 602 1391 iu
616 1323 772 1392 Dardana
790 1327 902 1394 saeviat
919 1352 1027 1415 arma,

185 1449 255 1516 Nee
275 1447 355 1514 mihi
367 1447 435 1539 jam
454 1446 575 1538 gemini
589 1444 727 1513 dilectus
746 1449 895 1540 pignoris
913 1448 1042 1517 obstet:

186 1569 391 1640 Deidamiam
407 1569 636 1662 Pyrrhumque
653 1593 743 1636 meos
757 1593 847 1636 nunc
864 1572 982 1663 Scyros
998 1571 1147 1659 habebit,

186 1693 324 1760 Visuros
341 1705 491 1759 nostrum
507 1689 649 1757 reditum
667 1689 869 1782 celeremque
891 1692 1095 1786 triumphum
1115 1719 1122 1761 :

186 1816 243 1881 Me
259 1812 367 1906 pudor
385 1812 536 1879 hortatur
556 1836 670 1904 rapere
687 1814 721 1878 in
743 1814 921 1881 certamina
942 1838 1081 1906 gressus.

187 1938 284 2002 Ferre
304 1934 389 2026 potis
407 1957 621 2025 quaecumque
635 1931 749 2000 labans
767 1936 968 2003 successibus
987 1951 1063 2004 aetus

186 2056 311 2147 Exigit,
331 2055 509 2122 observans
523 2055 636 2122 matris
651 2069 812 2147 praeeepta
827 2054 995 2143 verendae‚

188 2176 308 2244 Induxi
326 2174 439 2244 melles
455 2175 603 2261 habitus,
622 2174 710 2243 velut
727 2175 815 2244 edita
832 2178 946 2269 virg0;

188 2300 342 2366 Lusimus
361 2312 393 2365 et
416 2298 509 2366 tactis
522 2295 729 2365 modulantes
746 2299 893 2365 carmina
910 2299 1051 2368 chordis.

188 2420 314 2487 Virtuti
330 2416 502 2509 adsurgat,
521 2417 627 2485 suerat
641 2442 856 2510 quaecumque
875 2419 1045 2514 voluptus3

188 2536 349 2608 Suceedat
366 2536 489 2605 ferrum
507 2536 661 2621 citharae3
677 2536 767 2627 quod
785 2541 891 2606 nutrit
907 2566 1034 2611 amores

189 2662 378 2750 Depensum
397 2670 445 2723 est
461 2656 601 2739 Veneri,
621 2653 796 2722 reddamus
817 2672 924 2724 cetera
942 2661 1054 2727 Marti.
