2812 5258
51 421 167 484 (vass.)
361 417 574 474 armannus
595 416 705 472 uena
726 417 801 472 vm.
949 486 952 491 ¹
1040 414 1093 472 ης

51 545 167 630 Tibia,
188 557 258 610 tum
276 540 378 608 nimio
394 564 489 608 voces
507 564 657 608 marcore
676 538 844 633 superbe,

25 726 30 736 .
51 666 257 755 Incertaeque
271 658 373 747 lares,
390 674 423 728 et
438 661 507 753 jam
527 658 613 728 male
632 657 771 753 pervigil
791 658 885 752 ignis.

104 783 160 850 Sic
176 782 234 849 ubi
248 805 308 874 per
322 779 443 848 ssuctus
460 804 527 847 uno
548 780 627 847 ratis
644 780 764 847 obruta
783 802 901 849 somno

54 901 239 986 Conticuit,
258 901 408 992 tantique
425 901 527 968 maris
544 923 660 968 secura
675 899 835 992 juventus

53 1021 259 1093 Mandavere
277 1021 420 1107 animas;
439 1019 528 1088 solus
545 1034 609 1088 stat
628 1043 740 1113 puppe
755 1020 911 1112 magister

54 1139 216 1234 Pervigil,
235 1140 460 1234 inscriptaque
473 1144 565 1209 Deus
581 1141 640 1232 qui
659 1140 793 1232 navigat
809 1136 896 1204 alno.

103 1264 247 1355 Tempus
266 1275 355 1345 erat,
370 1261 504 1352 junctos
520 1282 623 1352 quum
639 1259 710 1350 jam
727 1282 821 1325 soror
841 1257 937 1349 ignea
952 1255 1066 1324 Phoebi

58 1382 165 1452 Sentit
180 1404 301 1473 equos,
317 1380 514 1473 penitusque
533 1403 649 1447 cavam
666 1378 728 1447 sub
742 1376 815 1446 luce
831 1390 948 1471 parata

55 1501 183 1572 Oceani
201 1500 331 1593 mugire
349 1499 507 1586 domum,
526 1523 662 1592 seseque
679 1514 855 1594 vagantem

57 1618 210 1714 Colligit,
227 1634 261 1687 et
280 1633 370 1688 moto
391 1617 506 1688 leviter
524 1619 616 1713 fugat
632 1635 719 1689 astra
737 1617 879 1714 ssagello.

58 1738 248 1811 Concilium
265 1765 323 1807 rex
341 1741 434 1808 triste
452 1754 549 1808 vocat
567 1766 574 1808 :
591 1755 811 1834 quarumque
826 1753 1012 1834 gementes,

58 1859 144 1948 Quis
159 1858 305 1952 tripodas
324 1884 493 1928 successor
509 1873 587 1953 agat
604 1885 612 1927 z
629 1882 697 1952 quo
713 1858 846 1953 prodita
866 1858 978 1927 laurus

59 1979 237 2062 Transeat,
254 1994 354 2070 atque
366 1979 487 2047 orbum
501 1980 591 2047 vittae
604 1978 715 2049 decus.
729 1978 827 2047 Haud
839 2002 950 2063 mora,
964 1975 1075 2044 cuncti

57 2096 230 2190 Insignem
249 2095 354 2183 lame,
372 2112 554 2191 sanctoque
571 2096 782 2192 Melampode
800 2111 926 2165 cretum
1024 2156 1027 2163 .

60 2214 453 2306 Thiodamantavolunt;
472 2219 609 2311 quicum
628 2218 699 2311 ipse
717 2242 839 2287 arcana
856 2220 1004 2285 Deorum

63 2336 203 2423 Partiri,
222 2350 256 2402 et
272 2335 358 2405 visas
376 2336 435 2404 uni
452 2337 579 2407 sociare
597 2335 723 2406 solebat

63 2455 282 2548 Amphiaraus
299 2479 391 2543 aves,
410 2469 574 2549 tantaeque
592 2457 682 2525 haud
701 2457 831 2526 invidus
849 2460 930 2526 artis

63 2575 239 2644 Gaudebat
257 2575 322 2646 dici
343 2575 506 2664 similem,
524 2578 683 2670 juxtaque
702 2579 895 2648 secundum.

63 2693 162 2763 lllum
180 2697 294 2790 ingens
311 2695 486 2765 confundit
502 2696 627 2792 honos,
646 2699 847 2791 inopinaque
866 2698 979 2765 turbat

64 2812 195 2900 Gloria,
211 2830 244 2883 et
260 2813 389 2911 oblatas
407 2815 541 2884 frondes
557 2816 737 2884 submissus
754 2815 886 2899 adorat,

64 2936 172 3028 Seque
188 2937 281 3003 oneri
300 2950 398 3031 negat
415 2960 484 3004 esse
502 2959 633 3029 parem,
655 2936 795 3029 cogique
812 2948 969 3003 meretur.

113 3055 206 3124 Sicut
224 3054 452 3124 Achaemenius
469 3054 590 3124 solium
608 3069 787 3150 gentesque
804 3069 960 3151 paternas

65 3176 204 3269 Excepit
222 3176 249 3242 si
267 3174 352 3242 forte
371 3199 467 3268 puer,
484 3177 538 3245 cui
554 3177 665 3244 vivere
682 3190 809 3269 patrem

65 3295 202 3382 Tutius,
220 3293 538 3369 incertaformidine
556 3295 677 3389 gaudia
694 3294 810 3384 librat,

66 3417 118 3483 An
135 3412 191 3481 fidi
209 3439 381 3508 proceres,
399 3439 441 3483 ne
457 3430 583 3508 pugnet
598 3414 718 3511 vulgus
736 3416 891 3503 habenis;

65 3535 129 3604 Cui
148 3531 234 3602 latus
252 3537 450 3630 Euphrate,
469 3536 524 3604 cui
542 3537 663 3631 Caspia
683 3536 799 3605 limina
817 3537 960 3606 mandet.

67 3654 206 3722 Sumere
222 3666 300 3722 tunc
316 3679 429 3743 arcus,
448 3658 625 3750 ipsumque
642 3681 781 3751 onerare
797 3672 930 3726 veretur

67 3773 177 3873 Patris
195 3796 332 3864 equum,
350 3777 504 3869 risusque
520 3778 581 3846 sibi
600 3801 662 3846 nec
679 3792 808 3871 sceptra
824 3779 935 3872 capaci

68 3893 397 3980 Sustentaremanu,
417 3921 476 3965 nec
497 3897 606 3967 adhuc
627 3897 762 3992 implere
782 3900 910 3967 tiaram.

119 4014 228 4105 Atque
246 4014 274 4081 is
292 4013 350 4082 ubi
370 4015 494 4084 intorto
511 4017 653 4112 signarit
672 4016 792 4086 vellere
810 4018 954 4103 crinem,
