2812 5258
186 443 240 479 rao
521 423 549 472 P.
572 418 691 471 evuin
712 415 831 470 statu
1115 411 1212 470 (mo.

183 544 275 612 Mille
295 546 340 611 ibi
360 559 438 611 tunc
459 544 581 633 species
600 541 737 629 aerisquc
756 538 928 626 eborisque
949 535 1091 618 vetusti,

184 669 292 755 Atque
314 660 480 729 locuturas
500 659 639 726 mentito
657 681 796 747 corpore
814 678 904 721 ceras

184 781 310 849 Edidici
332 807 340 846 :
361 782 434 871 quis
455 801 595 868 namque
614 774 718 842 oculis
739 775 913 840 certaverit
934 795 1072 863 usquam

185 899 351 981 Vindicis,
371 896 533 964 artificum
553 908 677 961 veteres
696 916 894 985 cognoscere
914 891 1053 975 ductus,

185 1021 227 1084 Et
250 1041 315 1083 non
336 1016 500 1106 inscriptis
520 1028 687 1080 auctorem
708 1012 844 1079 reddere
864 1010 988 1103 signis?

186 1136 247 1200 Hic
266 1134 325 1201 tibi
345 1159 417 1226 quae
436 1132 535 1200 docto
556 1129 696 1200 multum
717 1129 850 1224 vigilata
869 1131 1003 1223 Myroni

188 1255 279 1336 AEra,
298 1250 464 1320 laboriferi
485 1253 595 1318 vivant
616 1275 688 1342 quae
707 1275 870 1318 marmora
892 1248 972 1318 caelo

187 1370 374 1456 Praxitelis,
390 1370 478 1463 quod
492 1371 574 1436 ebur
589 1371 690 1436 Pisaeo
706 1367 823 1460 pollice
839 1394 969 1455 rasum,

186 1489 288 1593 Quod
308 1488 499 1581 Polycleteis
515 1489 642 1579 jussum
663 1502 713 1554 est
731 1489 857 1580 spirare
875 1488 1029 1573 caminis,

188 1610 290 1674 Linea
309 1632 382 1698 quae
399 1621 544 1673 veterem
563 1604 659 1698 longe
679 1604 818 1673 fateatur
837 1605 1007 1699 Apellam,

186 1726 385 1793 Monstrabit
406 1750 415 1792 ε
436 1748 578 1815 namque
596 1725 683 1808 haec,
706 1726 834 1814 quoties
853 1724 969 1818 chelyn
989 1728 1099 1793 exsuit
1120 1725 1198 1811 ille,

188 1842 320 1911 Desidia
338 1857 407 1927 est;
426 1844 479 1911 hic
497 1844 611 1911 Aoniis
630 1867 724 1910 amor
743 1857 859 1911 avocat
876 1847 989 1912 antris.

236 1967 312 2031 Haee
331 1963 433 2050 inter,
453 1977 549 2029 castae
567 1964 693 2030 Genius
713 1961 880 2056 tutelaque
898 1987 1019 2031 mensae

190 2080 518 2175 Amphitryoniades,
539 2078 644 2149 multo
663 2106 736 2149 mea
756 2084 841 2174 oepit
860 2104 971 2151 amore

189 2204 347 2285 Pectora,
368 2226 427 2269 nec
447 2201 546 2294 longo
567 2203 693 2269 satiavit
712 2199 837 2268 lumina
858 2203 954 2270 visu:

190 2323 315 2387 Tantus
335 2321 439 2389 honos
457 2323 569 2413 operi,
589 2320 733 2412 finesque
752 2319 876 2388 inclusa
892 2345 951 2412 per
965 2333 1076 2390 arctos

191 2436 363 2530 Majestas!
385 2442 473 2507 Deus
493 2438 564 2523 ille,
583 2444 692 2523 Deus3
714 2463 848 2531 seseque
865 2437 1044 2506 videndum

191 2554 349 2641 indulsit,
367 2557 530 2648 Lysippe,
550 2559 631 2639 tibi,
652 2582 836 2650 parvusque
857 2557 960 2625 videri

194 2676 380 2768 Sentirique
399 2677 513 2768 ingens
530 2690 587 2742 :et
606 2700 707 2768 quum
727 2674 884 2744 mirabilis
899 2678 987 2743 intra

193 2798 265 2863 Stet
284 2818 436 2862 mensura
456 2794 591 2887 pedem,
612 2809 720 2863 tamen
741 2794 921 2864 exclamare
938 2794 1076 2880 libebit,
1107 2868 1110 2873 ,

193 2915 227 2982 Si
238 2915 334 2982 vvisus
355 2938 415 3006 per
432 2916 578 2982 membra
598 2914 701 3000 feras,
719 2918 817 2982 «Hoc
836 2929 968 3006 pectore
983 2938 1117 3007 pressus

194 3036 347 3101 Vastator
367 3035 524 3118 Nemees;
543 3033 612 3100 hec
631 3032 760 3100 exitiale
778 3032 926 3100 ferebant

195 3152 323 3236 Robur,
341 3170 374 3218 et
393 3157 519 3245 Argoos
540 3152 733 3245 frangebant
750 3152 882 3220 brachia
902 3175 1019 3220 remos.

194 3274 264 3336 Hoc
284 3273 388 3362 spatio
409 3288 477 3339 tam
496 3298 614 3366 magna
632 3273 723 3339 brevi
739 3270 906 3340 mendacia
920 3268 1050 3339 forma!

195 3388 279 3475 Quis
300 3390 415 3457 modus
435 3392 469 3458 in
490 3392 623 3476 dextra,
642 3404 764 3482 quanta
784 3390 981 3483 experientia
1001 3389 1093 3458 docti

196 3506 341 3574 Artificis
359 3510 465 3594 curis,
487 3512 608 3601 pariter
623 3511 803 3602 gestamina
822 3532 939 3576 mensae

196 3626 349 3716 Fingere,
370 3641 402 3693 et
424 3629 571 3719 ingentes
590 3629 700 3696 animo
722 3652 850 3695 versare
869 3624 1027 3694 colossos!

196 3740 273 3809 Tale
293 3769 352 3810 nce
370 3745 463 3811 ldaeis
483 3746 661 3837 quidquam
681 3745 852 3813 Telchines
874 3747 907 3811 in
927 3745 1049 3828 antris,

198 3863 265 3928 Nec
284 3860 403 3927 solidus
424 3867 577 3948 Brontes,
596 3888 655 3930 nec
674 3865 730 3954 qui
749 3861 832 3955 polit
847 3887 937 3934 arma
951 3865 1102 3931 Deorum

198 3980 371 4063 lemnius,
391 3982 505 4072 exigua
526 3985 682 4072 potuisset
703 3980 813 4048 ludere
832 4004 974 4047 massa.»
