2812 5258
305 741 935 874 ACHILLEIDOS

448 1108 578 1176 LIBER
608 1107 787 1174 PRIMUS.

542 1456 698 1475 *²

112 1691 428 1817 Minururuuu
449 1743 625 1830 AEueideu,
643 1743 918 1837 formidatamque
930 1746 1075 1813 Touuuti

109 1864 318 1956 Progeniem,
337 1878 370 1933 et
389 1866 495 1956 patrio
514 1864 650 1932 vetitum
667 1861 840 1931 suooedere
857 1862 959 1950 coelo,

107 1981 209 2066 Diva,
224 1981 332 2050 refer:
347 2005 535 2072 quenquam
553 1996 625 2049 actu
639 1982 700 2048 viri
715 1979 857 2050 multum
871 1980 992 2074 inclyte
1007 1996 1107 2051 cautu

108 2099 268 2177 Maeonio,
285 2097 343 2166 sed
359 2096 455 2191 plura
474 2112 615 2167 vaount:
633 2121 694 2166 uos
712 2099 760 2165 ire
777 2122 1002 2190 peromnem,

108 2218 162 2284 Sic
179 2240 272 2285 amor
290 2231 358 2303 eet,
374 2215 599 2302 Hermarcho,
620 2218 787 2310 Scyroque
805 2215 963 2286 latentem

107 2332 262 2404 Dulichia
278 2335 427 2429 proferre
447 2336 526 2405 tubo
544 2362 552 2403 :
569 2359 630 2404 nec
647 2337 680 2404 in
700 2340 843 2406 Hectore
861 2352 967 2407 tracto

108 2453 247 2540 Sistere,
265 2453 321 2522 sed
341 2467 411 2523 tote
426 2455 581 2547 juvenem
600 2454 764 2525 deduoere
778 2456 886 2549 Troja.

108 2574 159 2640 Tu
179 2571 294 2656 modo,
312 2575 340 2641 si
355 2587 482 2641 veteres
498 2572 599 2668 dignu
616 2572 818 2666 deplevimus
835 2576 975 2663 haustu,

109 2692 158 2758 Da
175 2689 279 2759 fontes
296 2691 394 2776 mihi,
409 2691 550 2779 Phoebe,
566 2716 688 2778 novoe,
706 2717 745 2761 ac
761 2693 880 2763 froude
896 2695 1038 2765 secunda

108 2809 210 2877 Necte
223 2832 350 2877 comas:
365 2809 572 2902 nequeenim
586 2811 729 2880 Aonium
744 2834 860 2881 nemus
874 2812 1001 2883 adrem
1014 2813 1110 2907 putto

109 2927 179 2996 Nec
198 2951 268 2995 mea
287 2952 375 2996 nuuc
392 2929 506 3022 primis
524 2925 695 2999 albescunt
710 2943 859 3023 tempora
879 2933 977 3001 vittis.

109 3045 178 3113 Scit
196 3047 343 3115 Dircaeus
361 3070 462 3139 ager:
480 3070 600 3140 meque
617 3047 704 3117 iuter
722 3048 830 3142 prisce
847 3065 1021 3143 pareutum

108 3165 270 3248 Nomina,
288 3188 430 3258 cumque
449 3189 508 3234 suo
527 3180 706 3236 numerant
724 3167 909 3260 Amphione
922 3169 1053 3237 Thebe.

156 3291 200 3352 At
219 3298 273 3370 tu,
290 3306 389 3375 quem
409 3281 507 3377 longe
525 3285 667 3376 primum
688 3299 799 3379 stupet
813 3284 898 3355 Itala
917 3289 1041 3374 virtus,

109 3402 292 3492 Graiaque,
309 3403 362 3470 cui
382 3402 520 3497 gemino
535 3402 653 3475 florem
668 3419 848 3498 ratumque
863 3405 1053 3499 durumque

110 3518 269 3586 Certatim
287 3518 417 3608 laurus,
434 3519 514 3591 olim
532 3520 625 3591 dolet
642 3520 745 3593 ultera
764 3525 871 3611 rinei,

110 3637 161 3702 Da
178 3637 321 3723 venium,
334 3663 372 3709 ec
389 3639 552 3734 trepidum
566 3657 679 3736 putere
697 3643 760 3713 hoe
773 3643 892 3713 sudare
909 3668 1086 3738 parumper

111 3752 273 3821 Pulvere:
289 3770 320 3823 te
337 3755 455 3852 longo,
474 3748 613 3829 necdum
629 3759 753 3831 fidente
769 3777 886 3856 per-atu

111 3870 281 3961 Moiimur,
299 3899 502 3968 magnusque
519 3876 579 3946 tibi
598 3877 751 3970 praeludit
769 3880 923 3950 Achilleo

159 3989 308 4060 Solverat
326 3991 470 4061 OEhelio
489 3992 623 4064 classem
639 3996 681 4067 de
696 3997 791 4068 litore
809 4014 922 4090 postor

929 4140 981 4210 17.
