2812 5258
183 444 240 501 230
488 438 697 495 muamus
719 438 828 492 LIBER
850 438 901 493 Xl.
1097 435 1130 496 (v.
1147 438 1217 498 7⁴5.)

183 573 227 638 Et
246 570 272 637 si
290 567 446 634 demissas
464 563 575 630 veniat
593 562 739 655 mugitus
758 560 799 629 ad
818 585 931 643 aures,

184 689 341 781 Erigitur,
361 684 573 774 meminitque
592 681 658 769 sui,
679 682 829 773 viresque
845 695 992 776 peractas

190 806 345 900 Ingemit,
368 817 403 873 et
421 803 546 895 campis
562 799 644 870 alios
663 824 799 895 regnare
818 799 938 870 leonae.

235 923 392 993 Flectitur
407 921 525 1009 affatu,
544 920 600 990 sed
618 945 685 989 non
703 935 812 990 tamen
826 923 938 990 omnia
953 936 1063 990 rector

189 1041 352 1138 supplicis
368 1038 518 1134 indulget
535 1037 703 1132 lacrymis,
722 1054 915 1134 partemque
934 1040 1052 1110 recidit

188 1163 347 1233 Muneris.
367 1159 508 1246 «Haud,
528 1159 650 1252 inquit,
669 1161 784 1253 patriis
806 1160 1026 1253 prohibebere
1041 1161 1140 1257 longe

189 1281 341 1366 Finibus,
357 1303 497 1349 occursu
516 1279 595 1348 dum
613 1303 680 1349 non
701 1281 756 1373 pia
772 1278 893 1373 templa
912 1279 1093 1373 domosque

189 1397 436 1484 commacules,
456 1397 601 1466 babeant
614 1412 646 1465 te
664 1395 783 1485 lustra,
802 1413 942 1491 tuusque
960 1400 1129 1469 Citbaeron
1151 1428 1159 1468 :

190 1523 299 1613 Atque
319 1520 389 1589 haec
406 1542 481 1588 ecce
499 1519 567 1586 tuis
586 1515 682 1586 tellus
703 1517 891 1587 habitabilis
908 1521 1056 1604 umbris,

190 1642 269 1730 Qua
288 1637 430 1725 bellum,
449 1636 653 1731 geminaeque
668 1637 836 1729 jacentia
856 1640 1017 1732 sanguine
1036 1656 1188 1734 gentes.»

241 1761 294 1829 Sic
312 1760 374 1845 ait,
391 1772 424 1827 et
444 1756 524 1826 ficto
539 1757 699 1826 comitum
719 1755 874 1850 vulgique
892 1760 1054 1850 gementis

193 1880 356 1963 Accensa,
377 1875 478 1944 limen
499 1874 644 1943 tumidus
662 1873 772 1969 regale
788 1875 931 1969 petebat.

242 2000 374 2065 Interea
389 1994 476 2089 pulsi
497 1991 621 2063 vallum
638 1993 769 2064 exitiale
785 1994 914 2091 Pelasgi

195 2119 389 2187 Destituunt
408 2114 498 2184 furto
517 2139 524 2182 :
546 2111 629 2183 nulli
645 2139 705 2185 sua
721 2118 828 2210 signa,
845 2142 991 2211 suusque

195 2239 324 2304 Ductor
345 2260 353 2301 :
372 2248 451 2302 eunt
469 2235 561 2302 taciti
576 2235 714 2328 passim,
731 2249 764 2302 et
781 2260 843 2327 pro
859 2237 975 2305 funere
994 2237 1134 2330 pulchro

195 2351 400 2422 Dedecorem
423 2349 565 2443 amplexi
587 2352 688 2418 vitam
710 2350 901 2445 reditusque
917 2355 1099 2446 pudendos.

197 2471 271 2539 Nox
289 2468 394 2555 lavet,
411 2483 444 2536 et
460 2481 552 2560 grata
573 2465 734 2561 profugos
757 2466 967 2563 amplectitur
984 2473 1110 2541 umbra.
