2812 5258
312 449 364 499 rao
623 445 830 500 Tuuaamos
850 443 958 499 LIBER
978 442 1000 494 1.
1211 443 1245 501 ('·
1259 438 1337 499 ³²³4

310 568 475 652 Extrahit,
493 581 526 632 et
541 564 641 659 longo
658 568 820 634 consumit
836 563 953 657 gaudia
975 576 1061 629 voto.

357 688 451 752 Tunc
470 684 560 752 sedet
577 685 725 751 Inachias
746 682 859 766 urbes,
878 681 1086 772 Danaeiaque
1102 702 1196 765 arva,

310 806 352 870 Et
371 801 545 894 caligantes
562 801 703 893 abrupto
722 797 789 866 sole
805 801 978 892 Mycenas,

309 923 407 987 Ferre
428 922 488 986 iter
507 917 719 1010 impavidum.
739 919 803 985 Seu
820 917 938 1008 praevia
955 914 1044 981 ducit
1060 914 1220 1006 Erinnys,

312 1042 375 1107 Seu
394 1035 459 1105 sors
480 1034 534 1102 illa
549 1036 629 1121 viae,
649 1035 716 1101 sive
736 1034 796 1100 hac
815 1033 949 1100 immota
964 1030 1101 1099 vocabat
1203 1012 1206 1016 Δ

310 1158 461 1246 Atropos.
480 1153 616 1246 Ogygiis
635 1150 758 1218 ululata
776 1149 941 1217 furoribus
957 1162 1050 1216 antra

312 1274 457 1357 Deserit,
475 1285 509 1339 et
527 1272 663 1362 pingues
683 1267 829 1336 Baccheo
847 1267 1005 1359 sanguine
1022 1263 1130 1333 colles.

357 1390 438 1458 Inde
456 1388 601 1482 plagam,
621 1364 685 1480 qua
701 1382 799 1452 molle
817 1381 930 1451 sedens
947 1384 980 1449 in
997 1380 1095 1475 plana
1109 1382 1286 1451 Cithaeron

311 1509 508 1600 Porrigitur,
527 1500 872 1598 lapsumqueinclinat
888 1501 930 1568 ad
947 1524 1077 1593 oequora
1095 1516 1263 1586 montem,

313 1626 469 1693 Praeterit.
488 1625 574 1690 Hinc
590 1636 679 1689 arcte
696 1618 867 1714 scopuloso
887 1621 921 1686 in
940 1617 1042 1687 limite
1056 1620 1225 1714 pendens,

312 1741 452 1812 Infames
469 1743 612 1831 Scyrone
632 1752 755 1830 petras,
775 1736 972 1830 Scyllaeaque
991 1762 1067 1806 rura

310 1868 482 1957 Purpureo
500 1872 632 1954 regnata
648 1858 734 1941 seni,
754 1857 932 1949 mitemque
948 1856 1146 1926 Corinthum

311 1985 466 2076 Linquit,
485 1996 518 2051 et
533 1984 566 2049 in
583 1980 697 2049 mediis
714 1981 803 2049 audit
822 1975 888 2044 duo
904 1973 999 2043 litora
1017 1976 1151 2068 campis.

359 2105 496 2194 Jamque
516 2126 575 2195 per
592 2102 718 2168 emeriti
735 2122 871 2193 surgens
889 2095 1031 2169 confinia
1048 2095 1162 2163 Phoebi

312 2221 456 2306 Titanis,
477 2217 541 2287 late
556 2219 679 2287 mundo
699 2220 853 2288 subvecta
869 2218 977 2287 silenti

314 2336 465 2405 Rorifera
482 2335 625 2431 gelidum
641 2351 831 2405 tenuaverat
850 2361 926 2405 aera
941 2338 1026 2432 biga.

312 2459 384 2524 Jam
401 2453 540 2546 pecudes
555 2452 769 2546 volucresque
787 2468 895 2523 tacent
906 2481 914 2522 :
925 2457 993 2549 jam
1012 2479 1146 2525 somnus
1164 2460 1275 2528 avaris

313 2574 455 2666 laserpit
474 2573 576 2658 curis,
594 2596 781 2664 pronusque
800 2598 858 2665 per
876 2598 950 2642 aera
966 2589 1076 2662 nutat,

315 2696 415 2761 Grata
431 2689 585 2758 laborata
601 2689 744 2759 referens
761 2691 880 2761 oblivia
902 2696 984 2762 vitae.

315 2809 379 2878 Sed
398 2833 459 2876 nec
480 2809 618 2901 puniceo
635 2807 818 2877 rediturum
837 2812 947 2879 nubila
964 2811 1045 2882 coelo

316 2928 496 2995 Promisere
511 2927 620 3018 jubar,
638 2952 697 2995 nec
715 2931 951 2999 rarescentibus
968 2933 1091 3001 umbris

316 3050 429 3139 Longa
447 3069 636 3138 repercusso
657 3047 788 3114 nituere
806 3047 997 3140 crepuscula
1011 3052 1145 3120 Phoebo.

317 3167 458 3233 Densior
474 3188 493 3230 a
509 3164 624 3250 terris,
643 3179 675 3232 et
693 3164 775 3232 nulli
796 3169 907 3259 pervia
927 3168 1065 3237 flamma.

317 3284 464 3351 Subtexit
479 3307 545 3349 nox
559 3298 627 3350 atra
645 3282 748 3376 polos.
766 3289 837 3353 Jam
855 3284 995 3356 claustra
1016 3290 1151 3383 rigentis

319 3398 427 3469 AEolioe
443 3423 595 3489 percussa
614 3419 750 3487 sonant,
768 3419 972 3498 venturaque
989 3431 1090 3475 rauco

317 3522 385 3588 Ore
403 3519 545 3584 minatur
560 3517 682 3604 hiems,
700 3523 788 3588 venti
807 3535 989 3592 transversa
1005 3524 1183 3597 frementes

317 3637 526 3728 Confligunt,
545 3658 701 3728 axemque
720 3652 827 3707 emoto
844 3641 977 3712 cardine
994 3642 1139 3732 vellunt,

318 3760 408 3824 Dum
427 3752 544 3822 coelum
561 3754 622 3819 sibi
640 3756 776 3848 quisque
794 3761 889 3852 rapit.
909 3763 973 3830 Sed
992 3760 1152 3856 plurimus
1170 3771 1303 3842 Auster

317 3873 516 3969 Inglomerat
535 3886 682 3961 noctem,
699 3888 733 3942 et
750 3878 921 3947 tenebrosa
940 3879 1106 3950 volumina
1123 3898 1287 3979 torquet,

318 3993 541 4084 Desunditque
558 3990 694 4078 imbres,
711 3993 797 4061 sicco
813 4019 895 4087 quos
912 4021 1008 4090 asper
1023 3998 1116 4068 hiatu
1234 3988 1237 3992 ’
