2812 5258
253 488 289 544 at
605 481 636 532 P.
658 478 780 532 runnu
799 478 919 532 susm
1192 487 1277 540 (aas)

251 600 341 688 Quid
360 603 505 693 geminos
524 600 638 685 fasces,
657 623 846 692 magnaque
863 601 978 665 iterata
998 594 1165 663 revolvam

250 723 330 786 Jura
349 718 450 786 Asiae?
469 716 546 785 velit
565 716 621 784 illa
637 716 769 810 quidem
789 730 838 783 ter
856 715 991 798 habere,
1010 727 1193 806 quaterque

252 838 348 903 Hunc
366 836 443 918 sibi3
462 835 519 903 sed
535 849 688 902 revocant
706 834 779 901 fasti
796 835 966 924 majorque
984 830 1121 917 curulis,

251 953 322 1020 Nec
339 956 496 1044 promissa
513 951 621 1020 semel.
643 951 756 1044 Libyci
774 950 853 1043 quid
872 952 955 1016 mira
974 949 1087 1016 tributi

252 1070 432 1162 Obsequia,
450 1085 482 1138 et
500 1072 633 1138 missum
652 1068 759 1136 media
777 1067 817 1135 de
835 1093 915 1160 pace
934 1067 1138 1159 triumphum

252 1186 413 1272 Laudem,
433 1201 465 1255 et
484 1212 562 1280 opes
581 1199 719 1281 quantas
736 1211 794 1253 nec
813 1188 870 1277 qui
890 1184 1101 1252 mandaverat
1118 1208 1219 1254 ausus

252 1307 447 1397 Exspectare
464 1305 552 1373 luit?
569 1304 699 1373 Gaudet
717 1304 925 1372 Trasimenus
941 1315 974 1368 et
991 1299 1091 1393 Alpes

253 1423 505 1515 Cannensesque
525 1425 641 1490 animae
660 1448 668 1489 :
690 1423 878 1514 primusque
898 1421 1025 1511 insigne
1043 1420 1205 1495 tributum

252 1541 326 1630 lpse
345 1539 454 1632 palam
471 1539 577 1608 lacera
594 1540 746 1632 poscebat
764 1537 907 1630 Regulus
923 1537 1051 1604 umbra.

299 1659 400 1726 «Non
419 1672 514 1727 vacat
533 1663 669 1727 Arctoas
688 1661 786 1742 acies,
805 1657 1022 1748 Rhenumque
1040 1655 1215 1743 nbula,

252 1775 462 1868 Captivaeque
480 1800 591 1868 preces
608 1774 757 1856 Veledae,
774 1788 807 1841 et
823 1774 915 1867 (quae
933 1775 1075 1841 maxima
1092 1798 1202 1870 nuper

252 1889 384 1986 Gloria)
402 1893 583 1986 depositam
601 1895 698 1961 Dacis
715 1892 926 1985 pereuntibus
945 1915 1053 1959 arcem

252 2009 416 2096 Pandere3
437 2037 538 2106 quum
557 2012 639 2079 tanti
661 2010 761 2078 lectus
780 2011 916 2077 rectoris
931 2010 1090 2095 habenas,

252 2127 390 2214 Gallice,
409 2134 554 2199 Fortuna
573 2154 640 2196 non
660 2128 856 2212 admirante,
876 2127 999 2194 subisti.

253 2249 349 2314 Hunc
368 2250 470 2341 igitur
489 2249 532 2341 (si
552 2248 651 2340 digna
670 2246 803 2337 loquor)
823 2248 987 2337 rapiamus
1006 2247 1120 2339 iniquo

252 2364 352 2450 Nate,
370 2367 454 2431 lovi.
475 2370 582 2457 Rogat
601 2365 664 2432 hoc
683 2366 784 2431 Latiae
801 2377 895 2454 pater
912 2362 1052 2455 inclytus
1069 2364 1161 2433 tubis
1180 2391 1189 2431 t

253 2482 294 2547 Et
314 2483 452 2563 meruit;
473 2505 579 2573 neque
598 2483 685 2548 enim
704 2480 824 2548 frustra
840 2483 920 2549 mihi
938 2506 1044 2574 nuper
1059 2483 1187 2552 honora

253 2600 410 2666 Carmina
429 2599 561 2691 patritio
581 2601 673 2692 pueri
695 2600 847 2666 sonuistis
866 2602 899 2666 in
918 2614 1008 2667 ostro
1027 2626 1036 2666 :

253 2718 287 2784 Si
307 2741 371 2809 qua
389 2716 556 2785 salutifero
575 2719 696 2809 gemini
714 2717 867 2786 Chironis
884 2719 919 2784 in
939 2732 1035 2786 anuo

252 2834 381 2919 Herba,
400 2833 492 2903 tholo
509 2833 727 2927 quodcunque
747 2834 805 2900 tibi
824 2835 966 2926 Trojano
985 2836 1133 2903 recondit

251 2955 445 3047 Pergamus,
464 2967 521 3019 aut
540 2950 672 3019 medicis
692 2949 769 3018 felix
787 2950 971 3044 Epidaurus
988 2954 1095 3021 arenis

251 3070 396 3154 Educet,
415 3071 501 3140 Idaea
520 3070 645 3163 profert
664 3092 763 3162 quarn
780 3071 881 3138 Creta
897 3070 957 3137 sub
976 3071 1092 3138 umbra

252 3189 417 3257 Dictamni
436 3187 581 3256 florentis
599 3213 718 3282 opem,
737 3211 867 3280 quoque
884 3190 1000 3281 anguis
1017 3188 1164 3257 abundat

253 3307 421 3399 Spumatu.
439 3312 580 3400 lungam
599 3310 667 3400 ipse
687 3330 817 3383 manus,
836 3319 933 3397 atque
951 3330 1049 3374 omne
1066 3307 1246 3399 benignum

254 3425 368 3509 Virus,
386 3424 556 3492 odoriferis
574 3426 720 3493 Arabum
738 3423 828 3517 quod
846 3423 959 3491 doctus
978 3426 1013 3491 in
1031 3426 1131 3510 arvis,

255 3546 322 3611 dut
343 3543 578 3634 Amphrysiaco
598 3555 708 3632 pastor
726 3541 767 3610 de
785 3543 932 3635 granum
952 3543 1099 3634 carpsi.»

301 3660 437 3728 Dixerat
456 3684 464 3724 ε
485 3645 657 3726 inveniunt
675 3661 796 3751 positos
810 3663 879 3753 jam
898 3662 1040 3754 segniter
1057 3672 1165 3744 artus,

255 3783 524 3871 pugnantemque
542 3776 708 3862 animam3
726 3779 792 3846 ritu
811 3804 845 3847 se
864 3780 964 3873 cingit
983 3772 1119 3870 uterque

256 3897 400 3981 Paeonio,
417 3907 665 3986 monstrantque
681 3895 789 3982 simul,
810 3912 990 3990 parentque
1008 3896 1174 3980 volentes3
1228 3983 1230 3987 y

257 4014 369 4082 Donec
387 4011 527 4081 letiferas
547 4002 638 4080 vario
658 4014 869 4083 medicamine
888 4029 1007 4107 pestes,
