2812 5258
328 368 367 446 98
637 373 854 429 smarnos
874 371 985 428 menn
1007 371 1071 426 vu.
1256 369 1367 431 (me,

330 492 486 582 Falleris,
504 497 670 589 Antigone
688 519 696 562 z
715 493 809 566 multi
830 495 910 581 hos,
930 519 1008 563 nam
1022 493 1145 585 decipit
1160 505 1253 575 aetas,

330 615 631 687 Dixeruut'lratms
645 640 654 682 ε
670 629 766 709 pater
781 629 847 700 est,
865 624 1049 706 uetusque3'
1065 610 1122 679 sed
1140 613 1200 678 aevi

330 734 519 807 confudere
535 733 652 807 modos
671 760 679 801 ε
699 758 841 828 puerum
859 734 1062 827 Lapitbonia
1078 731 1225 826 nympha

330 856 491 939 Dircetis,
508 868 678 948 expertem
695 854 851 940 thalami,
871 853 1079 946 crudumque
1097 852 1223 920 maritis

328 974 485 1068 Ignibus,
504 973 687 1046 antediem
705 973 828 1069 cupido
849 973 987 1045 violavit
1005 997 1140 1060 amore,

328 1095 485 1188 Improba
502 1096 661 1170 connubii
679 1120 687 1163 ε
705 1119 767 1167 nec
784 1093 921 1187 longum
938 1109 971 1165 et
988 1092 1127 1189 pulcher
1144 1090 1322 1164 Alatbreus

327 1214 464 1301 Editus,
482 1240 521 1285 ac
538 1216 655 1309 primas
672 1216 858 1311 genitorem
879 1216 913 1282 in
932 1214 1013 1284 llore
1029 1215 1173 1308 juventae

328 1337 564 1430 Consequitur,
584 1337 750 1430 traxitque
767 1349 878 1422 notas,
895 1350 930 1404 ct
947 1336 1081 1406 miscuit
1096 1359 1212 1403 annos.

327 1460 370 1526 Et
388 1482 478 1525 nunc
495 1459 543 1526 sic
562 1455 681 1526 iratres
699 1457 839 1526 mentito
858 1456 993 1524 nomine
1008 1454 1175 1550 gaudent,

327 1575 406 1645 Plus
418 1591 544 1669 pater:
563 1576 653 1644 huuc
670 1573 750 1645 olim
765 1576 860 1668 juvat
877 1589 910 1646 et
928 1589 1069 1644 ventura
1086 1591 1246 1645 senectus.

327 1699 529 1768 Tercentum
546 1696 688 1792 genitor,
707 1694 913 1788 totidemque
928 1695 962 1763 in
979 1693 1096 1789 proelia
1114 1710 1211 1764 natus

328 1821 492 1887 Exercent
507 1819 632 1912 equites
648 1823 662 1884 ε’
671 1815 707 1887 hi
725 1815 908 1889 desertume
925 1815 1076 1887 feruntur

323 1954 451 2024 Exilem
472 1952 640 2040 Glisanta,
659 1947 924 2046 Coroniamque,
941 1951 1082 2023 feracem

325 2074 434 2139 Messe
452 2073 647 2161 Coroniam,
669 2072 801 2141 Baccho
822 2072 976 2144 Glisanta
996 2074 1155 2143 colentes.

375 2191 466 2259 «Sed
489 2195 600 2286 potius
621 2192 725 2262 celsos
744 2192 956 2263 umbrantem
974 2191 1066 2258 bunc
1077 2190 1209 2283 adspice
1224 2188 1289 2258 late

325 2314 456 2405 Hypsea
474 2312 708 2404 quadrijugos,
728 2309 835 2405 clypei
853 2308 1067 2404 septemplice
1087 2322 1183 2376 tauro

300 2467 302 2470 ⁴
324 2434 438 2514 Laeva,
455 2444 507 2496 ter
522 2431 633 2499 insuto
650 2443 834 2498 servantem
852 2430 1000 2522 ingentia
1015 2427 1101 2496 ferro

325 2554 485 2622 Pectora:
506 2573 583 2618 nam
602 2562 698 2643 tergo
719 2572 892 2642 uunquam
912 2562 1020 2616 metus
1039 2575 1047 2615 :
1065 2549 1158 2616 hasta
1173 2561 1341 2615 vetustum

325 2670 492 2742 Silvarum
506 2672 626 2759 decus,
643 2672 770 2741 emisse
786 2671 840 2741 cui
855 2672 968 2767 pervia
984 2693 1113 2766 semper

326 2796 511 2887 Armaque,
528 2806 729 2888 pectoraque
748 2810 783 2863 et
801 2815 972 2888 nunquam
989 2794 1107 2862 manus
1123 2794 1216 2860 irrita
1237 2793 1317 2860 voti.

326 2917 455 3007 Asopos
477 2915 629 3008 genuisse
645 2912 757 3003 datur,
773 2913 959 3008 dignusque
978 2912 1083 2979 videri

325 3036 420 3102 Tunc
435 3049 545 3127 pater,
564 3034 715 3121 abruptis
734 3057 838 3127 qumu
855 3033 1115 3103 torrentissimus
1133 3036 1200 3101 exit

324 3152 508 3241 Pontibus,
526 3168 585 3224 am
602 3173 687 3225 natae
703 3156 848 3225 tumidus
862 3178 966 3247 quum
981 3157 1117 3250 virginis
1135 3157 1224 3223 ultor

325 3267 479 3340 Flumina
493 3275 676 3361 conclusit,
695 3269 853 3366 generum
868 3274 1041 3370 indignata
1061 3280 1258 3345 Tonantem.

324 3391 478 3481 Namque
497 3391 609 3462 letttnt
628 3407 761 3487 raptam
779 3396 894 3487 patriis
911 3398 1054 3491 AEgiuau
1071 3398 1113 3466 ab
1132 3395 1228 3464 undis

323 3507 487 3602 Amplexu
507 3509 642 3590 latuisse
658 3513 750 3582 lovis
767 3539 776 3582 ι
794 3513 875 3591 furit
891 3519 1016 3604 amuis,
1033 3532 1067 3586 et
1083 3519 1179 3586 astris

323 3630 477 3700 lulensus
491 3629 619 3702 bellare
629 3648 728 3727 purat
744 3636 915 3732 (nondum
934 3639 996 3707 ista
1013 3637 1159 3708 licebant

323 3751 395 3817 Nec
410 3750 587 3846 Superis);
604 3755 696 3824 stetit
713 3755 855 3829 audaces
871 3757 998 3827 effusus
1014 3761 1049 3828 in
1066 3762 1151 3846 iras,

324 3873 567 3965 (lunseruitque
584 3898 721 3963 nunus,
740 3902 802 3948 nee
821 3904 920 3971 quem
942 3855 1138 3975 imploraret
1157 3882 1319 3965 habebat,

322 3993 439 4062 Donec
457 3995 490 4060 vi
506 3997 651 4065 tonitrus
670 3999 861 4088 submotus,
881 4017 915 4069 et
933 4005 1008 4097 igue
1027 4003 1161 4072 trisulco
