2812 5258
169 507 228 573 ito
543 505 837 562 anxotmoxtts

168 621 276 676 omnib.
299 623 388 676 Gron
404 642 411 673 :
429 646 441 669 a
458 622 657 694 speculataque
675 631 789 692 tempus
808 622 940 690 Auarico,
954 631 1114 693 tutemus,
1136 623 1187 681 ait.
1204 648 1221 673 ι

169 714 258 785 Quod
269 715 327 786 jam
342 717 471 770 Gronov.
483 713 567 785 jussit
579 714 691 786 reponi.

213 809 417 881 Qulspigaom
430 819 510 860 mata
526 802 566 881 (v.
579 812 656 880 4792.
674 830 686 855 ι
702 804 811 877 Optimi
826 822 843 858 a
858 805 926 860 libri
938 809 1020 861 tanti,
1034 807 1158 881 Scripsit
1175 809 1220 862 sic

169 899 314 974 Papinius
327 924 339 947 ι
352 900 460 953 Bam.

209 991 355 1059 trejectum
372 992 402 1045 iri
419 992 527 1044 lumina
543 992 657 1064 pallam
675 991 749 1043 Dim
763 989 853 1043 tradit
873 990 911 1063 (v.
926 988 982 1064 ⁴95
996 991 1061 1064 §ql
1075 992 1219 1048 «Faciem

166 1100 248 1139 utam
259 1082 407 1156 chlamyde
420 1083 606 1155 protegebat,
620 1100 656 1136 ne
669 1082 761 1136 Furiae
780 1082 892 1136 vultum
906 1081 1021 1137 videret.
1036 1106 1051 1131 ι
1066 1084 1184 1139 Banu.

210 1177 335 1229 Ft‘rmate
350 1174 435 1247 nefas
449 1174 488 1250 (r.
504 1173 582 1239 505).
597 1176 646 1229 tut
659 1193 668 1227 z
683 1199 695 1222 ι
696 1174 854 1246 flammate
866 1193 895 1228 n.
908 1199 921 1222 ι

212 1269 311 1322 Minor
321 1268 421 1321 unrbm
441 1266 481 1343 (r.
503 1266 581 1342 508).
596 1267 672 1321 Victi
689 1266 763 1341 regis
775 1265 886 1320 umbra.
902 1266 945 1322 Cf.
961 1269 1046 1321 Lacr.

211 1363 293 1414 Hunc
307 1380 371 1414 esre
387 1379 512 1415 cruorem
531 1358 571 1436 (r.
592 1358 670 1430 515).
689 1361 746 1414 Pro
760 1377 824 1413 erse
837 1359 921 1414 multi
934 1359 1020 1414 codd.
1035 1380 1043 1412 :
1056 1361 1121 1426 itte,
1133 1378 1157 1413 o.
1173 1363 1212 1435 gl.

172 1453 349 1527 «Polynices.
360 1477 375 1502 ι

212 1545 378 1618 Mutaatque
395 1546 523 1599 rudentes
536 1543 574 1615 (r.
592 1539 670 1617 521).
679 1542 739 1597 ‹td
752 1553 796 1598 est
808 1543 978 1617 permisoeut
992 1555 1022 1599 et
1038 1544 1194 1616 implioent.
1204 1569 1218 1591 ·

170 1638 271 1691 Guoss
285 1637 380 1691 Barth.
391 1636 467 1708 conj.
482 1657 490 1690 ι
505 1660 521 1686 ι
535 1637 752 1708 mutilaatque.-

213 1730 316 1783 Ererit
325 1742 445 1803 pectora
462 1730 531 1783 retr's
548 1726 587 1802 (v.
607 1725 686 1803 531).
707 1728 840 1785 Heinsius
861 1729 905 1783 ad
925 1729 977 1783 Sit.
1000 1731 1057 1796 le,
1079 1748 1107 1798 ι,
1130 1735 1188 1793 aaa
1210 1749 1218 1781 :

173 1837 237 1873 «er.
257 1832 368 1893 tergam
386 1839 433 1874 s.-

211 1911 364 1965 Peractam
379 1912 417 1985 (r.
430 1910 507 1987 536).
522 1911 701 1969 Conveniens
714 1912 780 1967 huie
793 1923 941 1967 structura
948 1912 1061 1968 videtur
1073 1924 1118 1967 est
1130 1911 1220 1968 addi·

172 2012 233 2057 tum
247 2003 277 2057 in
298 2004 379 2060 MSS.
394 2005 506 2078 aliquot
519 2005 612 2061 bonis.

212 2106 305 2171 Aeque
322 2098 453 2171 taerepat
471 2097 548 2153 hosti
571 2095 610 2175 (v.
627 2096 705 2172 547).
720 2098 846 2154 Omnino
864 2109 941 2154 reete
963 2096 1095 2153 Bnrtbius
1113 2094 1218 2172 (quem

172 2186 251 2264 vide)
271 2209 307 2243 :t
317 2189 445 2264 increpat
465 2191 571 2258 hostii,
585 2216 599 2241 ι
622 2201 655 2245 nt
681 2192 809 2266 praebent
826 2202 903 2247 certe
920 2193 1009 2257 Dan,
1030 2191 1145 2258 Petet,
1160 2192 1219 2245 Pll.

173 2277 232 2332 sort
255 2283 356 2351 etalii,
370 2283 662 2357 eumglossographo.
677 2283 765 2353 Quod
786 2283 810 2338 si
828 2302 888 2338 non
906 2281 1043 2355 recipias,
1057 2281 1220 2354 inexplica-

172 2368 225 2424 bili
237 2373 376 2443 periodus
388 2374 530 2427 laborabit
544 2374 666 2443 subjecti
682 2391 789 2426 errore.

212 2463 390 2535 Pmaumque
401 2464 553 2535 &pectere
564 2463 653 2514 rensr't
666 2468 704 2533 (v.
725 2459 804 2534 564).
823 2485 835 2505 u
848 2462 1039 2516 Scribendum
1055 2481 1123 2516 cnm
1133 2477 1199 2539 opt.
1212 2486 1220 2519 ε

173 2576 190 2602 ι
204 2552 233 2607 in
245 2565 374 2628 pectora.
386 2578 398 2601 ι
412 2554 521 2606 illurn.
538 2551 687 2609 Addieunt
707 2569 725 2606 a
739 2553 829 2626 uegg.

214 2648 279 2701 lam
293 2649 377 2701 latus
391 2643 429 2722 (r.
441 2642 518 2721 567).
532 2644 578 2701 sic
587 2647 718 2701 Gronov.
732 2664 748 2699 e
762 2645 819 2700 suis
832 2664 945 2700 versum
954 2642 1042 2699 dedit.
1053 2644 1098 2698 Al.
1109 2647 1220 2704 codd:

176 2741 294 2797 «fratris
312 2740 366 2795 sub
379 2758 448 2808 c.r;
467 2740 524 2794 al.:
540 2764 553 2789 α
567 2736 695 2794 iiatemo
711 2739 740 2793 in
759 2758 802 2807 c.‚
815 2761 832 2789 ι
851 2739 897 2794 cni
910 2739 1220 2811 neh.1‚1)an.‚t¹ee‚

176 2835 247 2907 neg.
262 2853 273 2888 ι
291 2831 402 2887 addunt
415 2830 591 2903 «latussati.
601 2855 616 2882 ι
632 2831 690 2887 Sed
703 2850 803 2886 verum
816 2831 928 2885 videtur
941 2829 1024 2903 quod
1037 2829 1067 2884 in
1077 2840 1158 2885 textu
1168 2844 1221 2888 est.

221 2928 285 2996 Qua
300 2944 378 2999 reges
387 2925 492 2998 punire
507 2924 638 2998 darurp.
650 2923 728 3000 572).
738 2925 792 2978 ΜΒ
801 2934 829 2978 et
838 2922 885 2977 alii
895 2923 1004 2977 Bartle:
1020 2925 1108 2994 Quoe,
1117 2934 1151 2977 ut
1162 2926 1220 2978 da-

176 3030 223 3070 tur
234 3017 269 3071 sit
283 3036 338 3089 pro
343 3015 447 3086 jerarr.
462 3019 567 3070 Parum
580 3016 729 3070 commode
742 3015 769 3067 b.
785 3015 803 3068 l.
819 3015 942 3069 Preced.
952 3033 1037 3069 versu
1050 3016 1114 3069 Ptt:
1130 3039 1143 3064 ι
1155 3017 1221 3071 Hac

176 3128 287 3164 mecum
301 3109 339 3164 ad
352 3129 404 3178 m.,
415 3133 429 3159 ι
443 3128 498 3182 pro
514 3111 543 3178 1,
559 3110 699 3182 probante
714 3107 832 3162 Heinsio
849 3109 892 3162 ad
905 3109 955 3163 Sil.
977 3109 1014 3161 lt.
1022 3147 1032 3173 ,
1048 3125 1107 3175 vu,
1122 3104 1192 3180 398.

219 3201 341 3256 obnubit
344 3200 547 3275 firnalecaput
555 3199 593 3275 (v.
609 3196 686 3273 56)).
701 3199 804 3253 blarltl.
819 3201 862 3252 acl
874 3200 955 3270 Sila,
968 3218 996 3266 v,
1014 3218 1044 3267 1,
1059 3215 1127 3271 219,
1140 3202 1220 3272 conj.

173 3286 273 3350 ferale.
288 3294 370 3348 Web.
383 3293 497 3364 furtale
511 3294 632 3366 explicat
646 3290 739 3345 Furiis
756 3291 892 3346 devotum
906 3291 951 3346 vel
966 3303 1103 3346 sanctum.

222 3388 344 3441 Vulnera
363 3385 401 3459 (v.
421 3385 500 3459 609).
520 3411 531 3433 ι
541 3383 693 3439 Luminum
707 3383 766 3437 scil.
785 3404 792 3437 :
813 3384 890 3438 unde
904 3383 991 3440 codd.
1011 3382 1143 3438 nonnulli
1157 3384 1221 3437 Ler-

177 3481 263 3532 miaa.
279 3480 400 3552 Reliqua
419 3497 516 3533 versus
529 3477 569 3532 sie
582 3475 771 3547 interpretor:
787 3478 890 3532 Manus
903 3477 1005 3550 impia,
1023 3486 1104 3530 antea
1114 3475 1220 3529 nesan-

177 3568 227 3623 das
240 3579 350 3622 tantum
365 3569 454 3623 cades
469 3568 551 3642 (Laii)
566 3578 593 3621 et
607 3566 801 3622 mutilationes
817 3566 943 3639 (suorum
959 3565 1119 3622 oculoruml
1136 3585 1222 3620 com-

177 3661 287 3716 mittere
315 3672 440 3727 assueta,
461 3677 537 3713 nunc
556 3660 593 3714 ad
615 3661 747 3732 planctus
766 3660 864 3714 molles
882 3660 1061 3732 adjuvandos
1083 3660 1223 3732 tpectoris

177 3750 347 3829 pulsatione)
361 3751 439 3806 haud
454 3750 542 3805 invita
555 3753 692 3825 sequitur.
709 3777 721 3799 n
736 3754 818 3806 Wau.

216 3846 272 3900 Sed
284 3857 363 3899 casta
378 3863 464 3898 manu
477 3844 657 3899 subtraxerat
669 3864 750 3899 enses
767 3843 805 3920 (v.
825 3841 904 3917 629).
923 3845 996 3897 Vere
1011 3842 1160 3899 restituere
1175 3844 1222 3898 vi-

178 3939 263 3995 detur
282 3937 382 3992 Maril.
399 3939 440 3991 ad
451 3938 531 4002 Sita,
550 3956 604 4006 ιιι,
620 3945 654 4005 1.,
670 3938 706 4006 87
725 3958 731 3990 :
748 3962 760 3984 a
772 3937 820 3992 sed
830 3949 911 3989 canta
924 3955 959 3989 m.
977 3961 989 3983 υ

216 4033 283 4085 lam
298 4033 403 4084 soluere
416 4031 518 4084 nodum
532 4027 570 4104 (v.
586 4028 665 4102 646).
675 4031 827 4101 Exspectes
840 4041 966 4082 nectere:
981 4027 1031 4082 sed
1041 4038 1095 4096 est,
1109 4027 1221 4082 nodum

178 4139 284 4176 nexum
304 4123 445 4191 relaxare,
464 4132 497 4177 ut
518 4131 603 4196 caput
626 4120 769 4175 insereret.
785 4151 824 4160 -
842 4120 907 4192 Seq.
922 4136 949 4173 v.
968 4121 1023 4173 ΜΒ
1042 4129 1070 4172 et
1090 4118 1138 4174 alii
1159 4135 1220 4171 non
