2812 5258
256 457 291 512 aa
597 459 627 511 P.
651 457 771 510 PUBLII
793 456 914 510 STATII

253 577 394 648 Delicias
414 579 530 645 mirata
548 601 641 663 suas,
661 592 693 645 et
709 578 799 645 abire
818 591 953 645 recusat.

254 701 354 765 Extra
372 709 481 763 autem
501 697 597 761 niveo
617 697 673 787 qui
693 697 841 788 margine
859 692 996 762 caerulus
1013 697 1119 762 amnis

253 816 360 898 Vivit,
379 827 410 880 et
430 815 464 880 in
484 835 647 880 summurn
666 811 768 878 fundo
788 826 877 904 patet
894 811 1000 879 omnis
1017 812 1058 878 ab
1078 813 1161 900 imo,

255 932 318 999 Cui
336 955 403 998 non
422 932 469 997 ire
487 929 575 1014 lacu,
595 931 770 1025 pigrosque
788 927 952 997 exsolvere
972 930 1109 998 amictus

254 1047 417 1115 Suadeat?
436 1048 499 1115 hoc
518 1045 629 1114 mallet
649 1048 736 1115 nasci
756 1047 917 1138 Cytherea
937 1045 1115 1138 prosund03

255 1167 317 1232 Hic
337 1178 368 1232 tc
386 1168 593 1258 perspicuum
614 1163 743 1251 melius,
762 1166 927 1250 Narcisse,
946 1163 1092 1249 videres3

255 1284 317 1351 liic
334 1281 428 1351 velox
446 1287 565 1353 Hecate
582 1283 660 1351 velit
678 1299 712 1351 et
731 1283 891 1376 deprensa
909 1281 1021 1351 lavari.

302 1401 392 1488 Quid
412 1425 500 1470 nunc
517 1415 617 1469 strata
634 1400 703 1469 solo
723 1402 860 1469 referam
880 1399 1045 1488 tabutata,
1062 1416 1235 1494 crepantes

256 1518 418 1587 Auditura
434 1517 532 1611 pilas,
550 1520 605 1587 ubi
624 1517 797 1612 languidus
816 1521 900 1613 ignis
919 1520 1043 1587 inerrat

256 1635 406 1720 AEdibus,
426 1650 458 1702 et
479 1650 610 1703 tenuem
629 1635 768 1703 volvunt
787 1637 986 1728 hypocausta
1004 1636 1184 1728 vaporem?

257 1754 326 1819 Nec
345 1753 370 1821 si
391 1755 518 1821 Baianis
537 1755 646 1821 veniat
664 1778 767 1821 novus
787 1753 904 1846 hospes
924 1755 965 1821 ab
985 1756 1065 1839 oris,

256 1868 348 1937 Talia
368 1869 538 1963 despiciat;
557 1870 603 1938 sas
623 1873 664 1938 sit
683 1896 880 1964 componere
898 1874 1025 1966 magnis

258 1990 376 2073 Parva,
394 1989 546 2055 Neronea
567 2013 626 2056 nec
644 1991 700 2081 qui
721 1990 818 2056 modo
838 1988 923 2057 lotus
943 1992 976 2057 in
996 1991 1100 2078 unda,

258 2107 321 2172 Hic
340 2107 459 2173 iterum
479 2105 596 2174 sudare
616 2122 722 2202 neget.
741 2111 865 2196 Macte,
882 2132 957 2194 oro,
977 2109 1097 2176 nitenti

258 2225 410 2316 Ingenio,
428 2249 586 2317 curaque,
605 2251 713 2319 puer:
737 2240 843 2294 tecum
862 2228 922 2295 ista
939 2241 1134 2313 senescant,

258 2346 300 2410 Et
318 2357 374 2409 tua
391 2345 458 2434 jam
478 2343 594 2411 melior
613 2343 716 2412 discat
734 2342 864 2412 fortuna
885 2346 1019 2413 renasci.
