2812 5258
69 422 184 487 (utu.)
392 419 606 477 nmmos
625 421 737 477 LIBER
753 422 789 477 X.
1055 445 1109 484 nor

63 552 130 620 Seu
144 573 272 644 magnae
288 545 366 616 data
384 546 474 617 sama
491 549 582 635 neci,
603 571 661 616 scu
680 546 755 617 loeta
776 547 939 620 malorum

63 670 246 765 Principia,
261 683 293 738 et
313 667 444 738 blandae
463 672 630 763 Superum
649 667 846 738 mortalibus
864 672 932 740 irae.

109 794 182 859 Jam
201 788 338 859 sordent
357 803 488 859 terrena
508 790 598 873 viro,
618 789 783 884 taedetque
803 790 977 885 profundae

61 911 184 999 Caedis,
201 925 235 980 et
254 911 421 981 exhaustis
441 909 521 981 olim
541 912 749 1005 Graiumque
769 912 905 1006 suisque

61 1033 261 1122 Missilibus,
282 1031 369 1102 lassa
390 1033 536 1126 respexit
552 1033 589 1100 in
611 1032 735 1101 aethera
754 1031 880 1103 dextra.

61 1152 175 1224 Ardua
193 1179 272 1222 mox
291 1169 387 1222 torvo
406 1153 543 1221 metitur
561 1150 709 1221 culmina
728 1152 819 1240 visu,
859 1156 861 1161 ’

61 1277 324 1367 innumerosque
335 1270 477 1366 gratim,
490 1271 621 1365 gemina
632 1269 720 1342 latus
733 1273 853 1343 arbore
866 1272 994 1363 clusus,

59 1396 197 1466 derium
216 1393 279 1462 sibi
299 1405 412 1486 portat
429 1393 502 1478 iter,
523 1390 878 1489 longeque'timendus

60 1514 265 1585 Multifidam
282 1537 443 1609 quercum
461 1513 616 1608 flagranti
637 1511 764 1585 lumine
785 1514 906 1584 vibrat

61 1638 165 1704 Arma
184 1635 308 1704 nabent
331 1660 412 1722 una,
435 1633 609 1730 clipeoque
628 1635 819 1718 incenditur
838 1637 936 1732 ignis.
1060 1675 1063 1679 ·

59 1785 77 1820 a
92 1758 180 1841 Huc,
199 1758 263 1843 ait,
281 1757 317 1825 in
332 1756 481 1842 Thebes,
497 1757 561 1826 hac
580 1781 634 1826 me
648 1758 744 1851 jubet
762 1756 867 1828 ardua
887 1759 993 1827 virtus

58 1879 128 1966 Ire,
146 1880 320 1947 Menoeceo
336 1902 403 1972 qua
421 1875 552 1946 lubrica
571 1878 733 1973 sanguine
753 1880 865 1948 turris.

59 1999 233 2092 Experiar,
251 1996 334 2091 quid
354 2021 447 2067 sacra
460 1998 597 2091 juvent,
616 2023 660 2067 an
676 1996 778 2067 falsus
791 1997 924 2093 Apollo.
937 2029 954 2064 n

108 2119 220 2208 Dixit,
237 2131 270 2187 et
290 2117 419 2188 alterno
438 2119 571 2212 captiva
592 2120 627 2187 in
644 2119 766 2188 moenia
787 2143 901 2214 gressu

61 2240 175 2334 Surgit
192 2263 295 2308 ovans
311 2265 319 2307 :
337 2237 453 2335 quales
472 2210 643 2309 mediis'in
660 2238 808 2309 nubibus
822 2241 926 2310 aether

57 2358 153 2429 Vidit
172 2359 324 2449 Aloidas,
342 2384 453 2454 quum
463 2374 634 2451 cresceret
646 2361 750 2456 impia
769 2359 871 2432 tellus

57 2483 263 2576 Despectura
283 2483 391 2570 Deos,
410 2505 472 2551 nec
488 2481 599 2551 adhuc
619 2481 764 2555 immane
783 2485 909 2555 veniret

56 2599 191 2686 Pelion,
211 2617 244 2670 et
262 2601 433 2697 trepidum
449 2604 520 2697 jam
539 2618 691 2698 tangeret
710 2607 795 2674 Ossa
812 2608 1011 2675 Tonantem.

104 2723 289 2792 Tum-vero
306 2723 440 2791 attoniti
457 2720 604 2792 satorum
620 2724 654 2791 in
672 2723 807 2792 cardine
826 2748 977 2810 summo,

56 2844 128 2912 Ceu
145 2867 301 2936 suprema
317 2842 389 2912 lues
408 2841 543 2928 urbem,
563 2841 758 2936 facibusque
775 2845 921 2913 cruentis

57 2966 241 3058 AEquutura
260 2961 332 3035 solo
351 2979 462 3035 turres
478 2962 617 3034 Bellona
635 2963 777 3053 subiret,

57 3084 223 3155 Omnibus
242 3109 261 3153 e
282 3085 376 3153 tectis
395 3086 547 3155 certatim
568 3086 716 3179 ingentia
733 3110 831 3174 saxa,

56 3205 274 3300 Roboraque,
289 3221 322 3275 et
336 3205 490 3301 gravidas
503 3205 613 3277 fundae
629 3205 774 3277 Balearis
792 3208 957 3298 habenas,

57 3325 168 3420 (Nam
179 3327 319 3422 jaculis,
331 3326 483 3421 eoeloque
494 3330 585 3424 vagis
600 3353 675 3424 spes
687 3328 778 3399 unde
791 3331 945 3425 sagittis?
958 3333 970 3426 )

49 3421 285 3530 'Verumavidi
297 3463 331 3518 et
346 3463 513 3518 tormenta
524 3464 653 3537 rotant,
672 3465 706 3519 et
718 3448 863 3521 molibus
875 3469 1007 3549 urgent.

57 3564 118 3636 llle
138 3592 199 3636 nec
219 3570 373 3665 ingestis,
393 3596 454 3642 nec
472 3587 567 3666 terga
584 3573 798 3667 sequentibus
817 3598 965 3669 uuquam

56 3686 253 3758 Detrahitur
270 3690 362 3780 telis,
381 3717 556 3788 vacuoque
576 3693 638 3763 sub
660 3720 736 3764 aere
754 3695 903 3791 pendens

55 3806 159 3878 Plana
179 3806 270 3878 velut
288 3825 377 3881 terra
395 3829 505 3883 certus
522 3816 659 3912 vestigia
677 3815 774 3911 figat,

54 3927 197 4019 Tendit,
215 3944 249 3998 et
268 3931 396 4024 ingenti
414 3933 504 4002 subit
519 3951 716 4006 occurrente
734 3938 840 4006 ruina.

55 4052 173 4120 Amnis
192 4065 231 4122 ut
245 4050 440 4121 incumbens
459 4051 597 4149 longaevi
615 4056 737 4126 robora
753 4059 865 4149 pontis
