2812 5258
198 431 254 491 238
499 434 707 490 matoes
727 437 835 492 LIBER
855 437 921 490 ΧΠ.
1112 438 1146 495 (v.
1158 440 1228 501 ιώ.)

197 558 287 626 Olim
304 560 357 627 hic
377 560 512 652 virginei
529 575 640 627 eustos
659 563 869 653 monitorque
886 559 1040 652 pudoris,

197 680 314 776 Eligit;
334 696 367 747 et
383 703 569 772 quanquam
591 678 699 762 rudis,
717 695 817 772 atque
835 681 948 772 ignara
968 678 1135 765 locorum,

76 790 87 801 ⁸
197 802 381 892 Pmcipites
399 825 550 894 gressus,
566 826 632 895 qua
649 816 784 870 venerat
802 801 957 884 Ornitus,
975 799 1084 868 affers

194 929 302 1013 Atque
322 923 379 989 uhi
395 922 465 990 risa
482 921 599 1015 procul
617 925 720 992 socias
739 921 872 1014 liquisse
889 921 1052 989 malorum
1070 947 1078 987 ε

240 1072 257 1105 s
271 1047 383 1131 Anne,
404 1047 467 1131 ait,
484 1040 620 1112 hostiles
637 1067 699 1137 ego
717 1057 749 1110 te
767 1042 897 1110 labente
918 1065 977 1133 per
993 1065 1107 1133 agros,

195 1169 266 1234 Heu
285 1162 392 1233 dolor!
413 1178 614 1268 esspectem,
631 1187 782 1256 quaenam
802 1164 962 1231 sententia
983 1162 1062 1230 lenti

191 1285 355 1355 Theseos?
371 1311 413 1355 an
432 1284 518 1355 bello
537 1309 707 1378 proceres,
726 1309 767 1352 an
784 1283 898 1352 dexter
916 1308 1054 1376 aruspex

191 1406 347 1476 Annuatl
365 1408 490 1474 interea
507 1405 606 1474 funus
623 1404 784 1473 decrescit
804 1429 812 1471 ε
830 1418 864 1472 et
877 1406 972 1471 uncis

190 1528 333 1598 Alitihus
352 1552 420 1595 non
440 1528 500 1594 lios
517 1527 627 1618 potius
642 1526 859 1618 supponimus
875 1525 988 1592 artus?

192 1650 234 1732 Et
252 1671 339 1715 nunc
356 1669 408 1713 me
424 1644 558 1730 duram,
575 1645 603 1713 si
620 1647 693 1736 quis
712 1645 772 1712 tibi
791 1668 924 1732 sensus,
942 1643 983 1712 ad
1004 1646 1139 1713 umbras

192 1771 248 1836 Me
268 1764 396 1835 tardam
415 1767 559 1859 quereris
576 1767 712 1860 Stygiis,
732 1764 904 1852 fidissime,
922 1766 1026 1834 Divis.

193 1891 264 1956 Heu
279 1888 305 1955 si
325 1887 433 1956 nudus
451 1885 579 1972 adhuc,
599 1887 665 1954 heu
685 1886 795 1979 sijum
814 1885 899 1953 forte
917 1885 1083 1981 sepultus,

191 2009 349 2078 Nostrum
367 2024 545 2102 utrumque
563 2007 652 2076 nefas
671 2033 679 2075 ε
700 2007 782 2075 adeo
802 2008 851 2074 vis
872 2004 964 2074 nulla
983 2005 1124 2093 dolenti,

190 2134 283 2198 Mors
301 2155 479 2224 nusquam,
497 2152 666 2222 saevusque
680 2131 791 2198 Creon
806 2153 813 2194 :
832 2128 974 2197 hortaris
999 2143 1148 2214 euntem,

189 2254 317 2320 Ornite.
333 2281 350 2316 a
368 2253 423 2321 stc
441 2251 552 2320 dicens
568 2274 689 2343 magno
707 2251 871 2342 Megareia
889 2273 1034 2343 praeceps

188 2374 275 2438 Arva
295 2372 383 2464 rapit
400 2393 497 2462 passu
517 2394 524 2435 :
544 2357 749 2435 demonstrat
766 2370 915 2460 proxima
935 2372 1082 2460 quisquis

188 2489 332 2576 Obvius,
351 2489 577 2580 horrescitque
597 2486 749 2571 habitus,
766 2487 985 2578 miseramque
1003 2501 1146 2555 veretur.

188 2607 290 2677 Vadit
308 2623 402 2677 atrox
420 2608 510 2695 visu,
531 2631 592 2677 nee
607 2605 722 2694 eorde,
740 2630 802 2675 nec
818 2631 897 2675 aure
917 2630 1108 2698 pavescens,

188 2733 231 2799 Et
252 2729 361 2799 nimiis
378 2728 502 2798 conlisa
519 2725 629 2815 malis,
644 2728 845 2822 propiorque
864 2727 981 2794 timeri.

189 2853 292 2920 Nocte
311 2847 400 2918 velut
418 2850 561 2944 Phrygia
581 2874 683 2943 quum
704 2847 880 2917 lamentata
899 2846 1058 2914 resultant

130 3040 136 3052 ‚
188 2969 371 3063 Dindyma,
386 2971 527 3063 pinigeri
546 2970 673 3063 rapitur
692 2967 865 3037 Simoentis
884 2965 925 3033 ad
945 2992 1073 3035 amnem

189 3091 266 3157 Dux
286 3114 405 3158 vesana
425 3089 536 3173 chori,
552 3090 645 3181 eujus
665 3090 733 3155 Dea
752 3088 912 3179 sanguine
931 3087 1014 3155 lecto

187 3213 260 3303 Ipsa
279 3208 367 3278 dedit
387 3209 525 3296 ferrum,
543 3223 575 3277 et
592 3210 706 3274 vittata
724 3204 831 3273 fronte
852 3209 986 3275 notavit.

233 3333 304 3397 lam
322 3344 416 3424 pater
439 3329 594 3421 Hesperio
611 3325 803 3417 flagrantem
823 3330 952 3421 gurgite
970 3353 1103 3395 currum

185 3449 364 3517 Abdiderat
380 3451 494 3535 Titan,
510 3445 582 3515 aliis
601 3444 766 3514 rediturus
785 3448 827 3515 ab
846 3447 956 3533 undis,

184 3570 297 3655 Quum
314 3583 423 3635 tamen
443 3565 498 3634 illa
515 3590 646 3660 gravem
665 3565 757 3635 luctu
775 3565 906 3635 fallente
924 3567 1068 3636 laborem

183 3687 296 3756 Nescit
313 3686 418 3754 abisse
437 3684 523 3754 diem
544 3711 551 3752 :
574 3710 634 3755 nec
648 3684 864 3780 caligantibus
883 3689 969 3755 arvis

182 3809 347 3890 Terretur,
368 3829 428 3873 nec
447 3803 570 3899 frangit
589 3808 662 3888 iter,
682 3830 740 3901 per
758 3820 790 3874 et
808 3806 897 3874 invia
916 3831 1011 3892 saxa,

184 3931 413 4019 Lapsurasque
434 3925 564 4010 trabes,
582 3950 820 4020 nemorumque
835 3952 954 3996 arcana
975 3953 1089 3998 sereno

184 4050 287 4143 Nigra
302 4046 371 4130 die,
390 4047 546 4140 caecisque
565 4048 667 4115 incisa
690 4047 819 4116 novalia
836 4047 947 4136 fossis,
