2812 5258
69 453 103 515 (V-
116 455 186 519 385·)
380 457 594 515 THEBAIDOS
615 459 726 516 LIBER
746 460 808 514 vll.
1062 474 1113 512 101

67 578 136 645 llic
150 593 261 672 pater,
282 579 336 648 bic
356 583 512 675 genitrix,
532 583 587 650 bic
602 585 726 676 junctae
748 584 852 675 stirpe
870 606 1017 665 sorores,

66 699 133 766 Hic
149 713 221 766 erat
240 713 273 767 et
293 699 404 770 frater.
427 703 535 771 Cerne
555 727 597 771 en
618 702 811 797 ubicunque
830 701 993 770 nefandus

56 817 261 904 ¹Euscidium
283 819 410 891 moliris
428 824 507 892 avis.
528 827 660 893 Venere
677 821 825 893 volentes

67 940 183 1008 Aoniae
202 941 336 1037 populi,
356 968 417 1011 nec
436 944 609 1032 sum‘tibi,
628 968 730 1031 saevc,
749 943 893 1013 relictus.

67 1058 162 1148 Quid
181 1059 260 1130 velit
280 1064 343 1132 ista
362 1065 500 1150 cohors,
519 1059 552 1133 'et
571 1078 603 1134 te
621 1065 745 1133 sentire
766 1063 913 1132 decebat.

68 1180 218 1251 Reddere
233 1208 335 1278 regna
352 1199 477 1253 vetant.
491 1213 509 1249 o
526 1187 581 1254 Sic
598 1184 702 1272 latus,
724 1199 757 1252 et
774 1185 886 1252 omnia
905 1185 967 1251 rite

68 1302 245 1396 Disponit,
265 1306 322 1396 qui
340 1303 427 1373 bella
443 1320 581 1398 gerant,
600 1306 657 1399 qui
677 1305 799 1373 moenia
817 1316 964 1390 servent,

69 1422 163 1511 Quas
179 1425 212 1490 in
235 1423 344 1492 fronte
358 1449 497 1515 manus,
514 1425 622 1494 medio
639 1450 721 1521 quas
738 1425 859 1495 robore
876 1425 982 1493 sistat
1096 1495 1098 1498 .

115 1545 313 1639 Perspicuas
332 1546 379 1614 sic
395 1544 468 1616 luce
487 1545 589 1634 sores,
610 1560 643 1615 et
654 1524 769 1642 ¹virgea
789 1559 904 1639 pastor

68 1662 221 1734 Claustra
241 1663 344 1753 levat,
362 1665 441 1736 dum
463 1682 552 1736 terra
572 1692 688 1738 recens
707 1693 714 1734 :
732 1668 828 1761 jubet
852 1665 973 1735 ordine
988 1667 1113 1758 primos

67 1787 121 1853 Ire
138 1785 254 1874 duces,
272 1786 381 1856 media
400 1791 569 1882 stipantur
587 1788 682 1882 plebe
701 1789 849 1856 maritae:

65 1906 142 1998 Ipse
160 1904 249 1975 levat
265 1906 436 2001 gravidas,
454 1921 488 1975 et
503 1909 644 1976 humum
661 1922 791 1976 tactura
808 1922 987 2001 parentum
1015 1920 1017 1930 ⁴

65 2022 201 2113 Ubera,
219 2024 458 2121 suceiduasque
475 2041 632 2122 apportat
647 2027 811 2097 matribus
832 2052 946 2127 agnas.

116 2148 247 2214 Interea
264 2149 374 2216 Danai
392 2163 590 2241 noctemque
608 2147 763 2242 diemque
781 2148 844 2220 sub
859 2153 977 2238 armis,

65 2268 207 2338 Noctem
226 2268 347 2336 iterum
367 2292 548 2362 rursusque
569 2268 657 2336 diem
679 2269 741 2363 (sic
758 2271 810 2342 ira
824 2269 990 2366 ferebat),

64 2387 302 2483 Ingeminant:
320 2389 487 2460 contemta
507 2389 616 2486 quies,
638 2391 768 2462 rixam
785 2383 887 2488 sopor
903 2390 987 2481 illis,

64 2514 132 2580 Aut
150 2509 255 2605 epulae
275 2509 381 2580 fecere
399 2535 552 2582 moram:
569 2529 770 2610 properatur
788 2515 824 2584 in
846 2514 977 2584 bostem

63 2633 160 2701 More
177 2632 262 2727 fugae
278 2656 286 2699 ε
301 2655 362 2701 nec
379 2649 529 2703 monstra
549 2649 685 2721 tenent,
707 2650 781 2731 quae
796 2634 941 2729 plurima
957 2636 1060 2701 nectit

65 2753 251 2849 Prodigiale
265 2778 387 2825 canens
406 2756 488 2825 certi
506 2754 575 2822 fors
594 2757 717 2849 previa
735 2755 806 2822 sati.

63 2872 202 2972 Quippe
220 2873 334 2946 ferunt
352 2877 442 2945 diros
458 2876 606 2944 monitus
621 2871 855 2966 volucresque,
878 2873 1036 2966 seraeque,
1083 2863 1088 2874 ⁹

64 2995 263 3090 Sideraque,
284 2998 455 3090 aversique
472 2996 540 3064 suis
555 2993 749 3064 decursibus
769 3017 905 3063 amnes,¹

62 3116 292 3212 Insertamque
311 3132 406 3185 tonat
422 3130 528 3211 pater,
550 3129 583 3185 et
602 3113 690 3184 mala
710 3112 844 3209 fulgura
863 3112 993 3184 lucent:

63 3238 295 3332 Terrilicaeque
314 3235 421 3332 adytis
439 3262 555 3326 voces,
572 3235 759 3330 cleusaeque
775 3237 928 3304 Deorum

62 3361 188 3453 Sponte
205 3358 317 3429 fores:
337 3384 428 3429 nunc
447 3361 663 3456 sanguineus,
677 3371 774 3427 'nunc
796 3381 913 3427 saxeus
935 3358 1060 3446 imber,

62 3483 104 3551 Et
120 3481 223 3550 subiti
238 3483 373 3571 Manes,
396 3478 604 3574 flentumque
622 3500 781 3549 occursus
796 3470 946 3547 avorum.

61 3601 157 3670 Tunc
175 3615 208 3667 et
227 3600 407 3694 Apollineae
424 3617 557 3672 tacuere
575 3598 711 3671 oracula
729 3600 884 3694 Cyrrhae,

61 3723 106 3791 Et
120 3743 189 3787 non
203 3722 339 3789 assuetis
358 3733 492 3817 pernox'
504 3720 646 3792 ululavit
664 3719 802 3791 Eleusin

61 3839 255 3922 Mensibus‚
277 3853 309 3906 et
328 3840 458 3935 templis
476 3845 596 3936 Sparte
612 3865 762 3936 presaga
779 3838 916 3910 reclusis

61 3959 157 4031 Vidit
176 3956 376 4054 Amyclaeos,
396 3959 543 4030 lacinus!
563 3986 763 4031 concurrere
785 3959 913 4029 fratres.

112 4079 261 4152 Arcades
278 4080 412 4150 insanas
431 4078 553 4150 latrare
570 4083 733 4162 Lycaonis
752 4080 886 4149 umbras
