2812 5258
66 446 100 505 (a.
113 449 165 511 ῳ
376 440 585 496 rnannrnos
608 441 715 495 tanna
738 442 787 497 rr.

67 569 269 641 Eumenidas
286 569 479 661 perhibetur
495 567 606 660 aquis;
625 569 690 634 huc
710 591 857 659 mergere
875 580 976 635 suetae

67 694 158 775 Ora,
177 704 210 756 et
227 686 417 756 anhelantes
435 701 507 755 tuto
521 685 763 778 Phlegethonte
781 699 943 754 cerastas:

67 812 131 879 Seu
151 808 318 876 Thracum
338 820 467 874 vertere
484 803 616 889 domos,
634 828 691 872 sen
709 819 794 874 tecta
812 806 961 897 Mycenis

69 927 192 1020 Impia,
211 923 438 994 Cadmeumve
454 921 581 991 larem:
603 922 688 1017 fugit
704 926 773 1017 ipse
793 936 942 992 natantes

71 1048 207 1131 Amnis,
225 1060 258 1112 et
275 1044 459 1111 innumeris
477 1041 637 1112 livescunt
656 1059 772 1137 stagna
789 1044 932 1111 venenis.

121 1169 150 1233 lt
168 1188 278 1233 comes
294 1166 392 1231 Inoas
411 1162 545 1257 Ephyre
563 1161 665 1231 solata
684 1162 852 1256 querelas,

70 1285 315 1374 Cenchreaeque
334 1306 471 1362 manus,
488 1297 601 1349 vatum
623 1307 689 1375 qua
706 1285 856 1351 conscius
874 1284 979 1350 amnis

72 1406 253 1497 Gorgoneo
271 1425 447 1495 percussus
466 1425 573 1494 equo,
593 1425 724 1494 quaque
744 1401 874 1494 objacet
894 1399 961 1469 alto

74 1522 239 1605 Isthmos,
259 1535 290 1589 et
309 1546 328 1589 a
346 1522 441 1589 terris
460 1523 564 1590 maria
581 1519 736 1591 inclinata
755 1519 895 1616 repellit.

74 1644 153 1711 flac
169 1666 288 1710 manus
303 1639 481 1710 Adrastum
501 1665 639 1709 numero
658 1656 708 1709 ter
725 1639 816 1709 mille
833 1642 936 1709 secuti

72 1760 251 1830 Exsultant
269 1788 277 1830 :
298 1787 375 1856 pars
391 1785 468 1855 gesa
486 1785 603 1846 manu,
622 1786 696 1853 pars
715 1761 835 1829 robora
852 1760 994 1828 flammis

72 1882 236 1951 Indurata
255 1880 331 1965 diu,
350 1904 416 1947 non
438 1902 522 1946 unus
540 1903 684 1971 namquo
703 1878 857 1973 maniplis

73 2002 173 2083 Mos,
191 2021 301 2089 neque
318 1997 452 2090 sanguis
467 1997 568 2082 inest,
587 2011 705 2065 teretes
722 2023 798 2092 pars
816 2013 943 2066 vertere
959 1995 1076 2065 fundas

71 2118 226 2202 assueti,
247 2139 419 2207 vacuoque
438 2115 525 2182 diem
544 2116 742 2209 praecingere
759 2140 851 2211 gyro.

74 2242 153 2331 Ipse
173 2237 268 2304 annis
285 2233 489 2329 sceptrisque
506 2234 595 2303 subit
612 2235 804 2304 venerabilis
821 2261 923 2330 aeque.

128 2358 173 2425 Ut
193 2376 339 2448 possessa
357 2352 414 2421 diu
432 2368 546 2420 taurus
565 2368 653 2422 meat
669 2355 793 2424 arduus
811 2356 898 2424 inter

77 2478 220 2560 Pascua,
233 2474 302 2566 jam
322 2471 394 2540 laxa
411 2474 557 2552 cervice,
571 2489 605 2541 et
627 2475 779 2545 inanibus
796 2478 910 2562 armis,

82 2596 155 2663 Dux
175 2608 282 2661 tamen
302 2617 310 2660 τ
327 2590 417 2662 haud
433 2590 527 2660 illum
545 2590 633 2660 hello
649 2607 813 2663 attentare
829 2597 982 2687 juvencis

79 2716 167 2783 Sunt
181 2714 299 2798 animi3
319 2737 396 2781 nam
416 2728 535 2781 trunca
553 2713 666 2781 vident
684 2712 725 2781 de
743 2714 881 2783 vulnere
900 2712 1007 2782 multo

79 2836 230 2917 Cornua,
251 2846 283 2899 et
301 2833 451 2926 ingentes
470 2832 642 2926 plagarum
661 2834 694 2899 in
712 2846 845 2924 pectore
864 2831 978 2900 nodos.

130 2953 283 3020 Proxima
305 2950 455 3045 lougaevo
472 2950 598 3043 profert
615 2953 764 3019 Dircaeus
783 2951 925 3021 Adrasto

81 3074 183 3166 Signa
204 3094 316 3165 gener,
335 3071 389 3138 rui
408 3068 496 3138 bella
514 3070 626 3137 favent
645 3095 653 3137 τ
671 3071 724 3139 cui
743 3070 931 3139 commodat
948 3072 1012 3138 iras

75 3198 211 3268 ‚Cuncta
227 3190 347 3259 cohors
364 3215 372 3257 ε
391 3190 469 3258 huic
487 3205 521 3257 et
537 3190 644 3282 patria
660 3189 702 3257 de
718 3191 795 3258 sede
815 3188 962 3259 volentes

82 3313 255 3381 Advenere
273 3314 353 3398 viri;
373 3335 430 3379 seu
447 3335 531 3403 quos
546 3326 658 3378 movet
679 3309 789 3393 exsul,
807 3325 840 3379 et
860 3311 952 3380 haesit

78 3434 247 3503 Tristibus
265 3448 362 3501 aucta
379 3432 476 3519 fides,
492 3457 549 3502 seu
568 3431 642 3526 quis
661 3444 792 3502 mutare
811 3447 962 3528 potentes

78 3555 287 3647 Praecipuum
307 3580 314 3622 ε
337 3552 452 3639 multi,
473 3551 590 3622 melior
609 3579 694 3645 quos
710 3578 809 3623 causa
826 3555 978 3647 querenti

78 3672 256 3743 Conciliat.
275 3672 420 3743 Dederat
438 3697 499 3742 nec
519 3699 586 3743 non
607 3699 700 3743 socer
718 3677 789 3770 ipse
807 3673 967 3768 regendas

82 3794 221 3888 AEgion,
240 3796 455 3889 Arenenque,
473 3810 506 3863 et
522 3818 605 3888 quas
624 3796 762 3864 Theseia
777 3799 915 3863 Troezen

77 3912 184 3985 Addit
201 3938 299 4011 opes,
322 3937 363 3981 ne
381 3941 455 3984 rara
473 3941 609 3985 movens
629 3915 791 4011 inglorius
809 3917 873 3983 iret

82 4035 241 4129 Agmina,
262 4059 327 4105 neu
347 4040 461 4129 'raptos
476 4039 592 4130 patriae
608 4038 746 4105 sentiret
765 4037 919 4104 honores.

957 4179 982 4219 t.
