2812 5258
795 238 818 287 ‚.

81 445 162 501 (eset
415 432 603 490 SILVARUM
622 432 730 488 LIBER
749 432 771 485 l.

83 558 271 653 Colloquia,
288 573 319 626 et
335 556 422 626 docti
438 571 561 625 norunt
576 556 694 624 audire
704 556 851 626 Penatdl.

131 680 228 745 Forte
246 677 384 744 serenati
401 700 466 768 qua
483 689 546 743 stat
564 673 661 769 plaga
675 673 777 742 lactea
793 671 879 758 coeli,

84 794 178 865 Alma
192 798 303 863 Venus
321 792 483 880 thalamo,
501 792 594 885 pulsa
609 792 708 860 modo
724 805 836 876 nocte,
848 791 990 884 jacebat,
1037 827 1045 853 t

84 911 245 1006 Amplexu
261 911 346 979 duro
361 912 472 979 Getici
490 909 634 979 resoluta
652 911 771 978 mariti.

85 1031 214 1117 Pulcra,
231 1045 385 1123 torosque
402 1030 470 1098 dea
490 1043 639 1099 tenerum
658 1029 777 1122 premit
792 1052 909 1122 agmen
922 1030 1082 1096 Amorum
1100 1050 1108 1093 τ

85 1151 184 1244 Signa
201 1162 338 1241 petunt,
355 1172 435 1241 quas
451 1148 536 1217 ferre
552 1149 653 1236 laces,
673 1173 745 1240 quae
760 1161 892 1240 pectora
907 1146 963 1240 figi

85 1271 244 1361 Imperet,
261 1291 303 1335 au
323 1268 417 1335 terris
434 1269 561 1354 saevire,
578 1291 620 1335 an
637 1265 729 1335 malit
746 1268 781 1334 in
798 1265 910 1350 undis,

87 1388 140 1454 Au
157 1388 293 1454 miscere
309 1385 402 1473 deos,
417 1410 460 1453 an
475 1384 583 1454 adhuc
597 1406 715 1453 vexare
731 1388 927 1453 Tonantem.

87 1505 153 1597 Ipsi
169 1507 297 1572 animus
313 1503 478 1588 noudum3
495 1529 555 1572 uec
569 1503 661 1572 cordi
677 1502 741 1570 fixa
755 1502 906 1571 voluntas
925 1529 932 1570 :

88 1625 171 1690 Fusa
182 1623 268 1714 jacet
284 1624 411 1708 stratis,
428 1623 485 1690 ubi
502 1621 668 1715 quondam
685 1623 813 1690 conscia
829 1619 933 1714 culpae

87 1742 225 1808 Lcmnia
241 1756 412 1833 repserunt
428 1741 589 1835 deprenso
609 1738 741 1808 vincula
757 1739 856 1807 furto.

88 1859 150 1926 Hic
168 1882 249 1950 puer
266 1882 285 1925 e
304 1859 400 1927 turba
414 1859 600 1947 volucrum,
617 1860 670 1929 cui
686 1858 847 1951 plurimus
862 1859 946 1951 ignis

90 1976 179 2058 Ore,
198 1999 363 2065 manuque
379 1973 442 2042 levi
460 2001 629 2068 nunquam
645 1978 799 2045 frustrata
817 1978 952 2069 sagitta,

91 2093 232 2184 Agmine
247 2091 288 2159 de
304 2090 431 2177 medio,
448 2105 560 2160 tenera
577 2095 622 2161 sic
638 2094 732 2162 dulce
747 2095 893 2186 prolatus

92 2211 181 2278 Voce
198 2210 399 2305 (pharetrati
416 2235 564 2304 pressere
579 2209 709 2280 silentia
725 2209 880 2303 fratres):

137 2357 154 2392 a
164 2330 233 2397 Scis
249 2342 300 2414 ut,
318 2343 433 2416 mater,
449 2331 511 2413 ait,
528 2328 621 2397 nulla
637 2331 718 2397 mihi
734 2329 866 2396 dextera
884 2327 989 2421 segnis

91 2445 233 2515 Militia:
251 2471 479 2540 quemcunque
494 2447 667 2516 hominum
684 2446 862 2538 divumque
880 2445 1012 2531 dedisti,

90 2567 208 2634 Uritur
225 2591 233 2633 ε
254 2579 288 2634 at
305 2565 438 2634 tandem
455 2564 615 2658 lacrymis,
632 2580 665 2634 et
683 2564 830 2658 supplice
846 2564 957 2633 dextra
1038 2590 1042 2601 ·

91 2687 133 2753 Et
146 2685 232 2753 votis
248 2684 464 2777 precibusque
480 2685 544 2751 viri
560 2683 703 2753 concede
721 2684 866 2768 moveri,

91 2806 124 2871 Ο
138 2799 297 2897 genitrix!
316 2800 400 2870 duro
418 2826 479 2871 nec
496 2804 584 2871 euim
601 2827 640 2870 ex
658 2801 831 2870 adamante
846 2801 962 2886 creati,

92 2919 156 2989 Sed
172 2934 228 2988 tua
244 2920 340 2988 turba
355 2943 477 2988 sumus.
496 2918 613 2989 Clarus
634 2918 675 2987 de
695 2935 791 3014 gente
808 2921 927 2989 Latina

91 3039 148 3106 Est
161 3039 306 3131 juvenis,
322 3061 420 3130 quem
435 3039 579 3130 patriciis
595 3039 773 3132 majoribus
792 3053 901 3106 ortum

93 3155 255 3225 Nobilitas
271 3157 381 3250 gavisa
397 3155 488 3242 tulit,
503 3179 710 3250 praesagaque
726 3156 838 3223 formae

93 3275 247 3342 Protinus
263 3299 282 3342 e
297 3287 411 3342 nostro
427 3275 536 3367 posuit
551 3275 750 3367 cognomina
766 3272 859 3341 coelo.

96 3392 191 3457 Hunc
208 3407 335 3485 egomet
352 3406 421 3461 tota
436 3392 605 3485 quondam
622 3391 699 3483 (tibi
714 3387 842 3485 dulcel)
858 3392 1011 3484 pharetra

95 3509 287 3599 Improbus,
303 3524 334 3578 et
350 3509 451 3579 densa
468 3509 687 3603 trepidantem
706 3509 839 3602 cuspide
854 3510 919 3579 fixi.

96 3626 255 3714 Quamvis
272 3630 424 3696 Ausoniis
440 3627 581 3697 multum
598 3652 698 3722 gener
714 3626 770 3696 ille
786 3630 908 3721 petitus

96 3744 272 3831 Matrinus,
288 3745 417 3814 edomui
434 3749 573 3834 victum,
590 3746 796 3840 dominaeque
811 3751 955 3841 potentis

95 3864 195 3929 Ferre
210 3863 343 3956 jugum,
359 3878 391 3932 et
406 3864 520 3960 longos
533 3868 612 3959 jussi
631 3891 762 3960 sperare
778 3842 840 3960 per
851 3891 966 3936 annos.

10 3972 14 3983 ’
98 3984 157 4049 llst
175 3978 266 4048 illam
282 4004 408 4050 summa
422 3983 546 4070 leviter,
564 3986 610 4053 sic
628 4009 770 4077 namque
786 3986 938 4079 jubebas,
