2812 5258
59 439 89 498 (v.
101 438 165 500 113.)
364 436 572 492 Tflssuautos
593 435 704 490 LIBER
719 435 770 489 111.
1027 433 1083 489 223

57 563 101 630 Et
119 572 242 642 metus,
264 571 297 625 et
314 558 416 626 tristis
433 557 603 626 voluerum
620 558 805 624 reverentia
820 570 934 625 servet.

105 681 149 747 At
167 689 277 768 nuptae
294 677 472 761 exanimes,
490 677 665 769 puerique,
684 676 826 770 aegrique
845 688 995 769 parentes

56 795 222 864 Moeuihus
240 793 335 862 effusi
353 819 412 887 per
428 792 540 887 plana,
557 818 616 886 per
634 795 740 879 invia,
759 795 879 886 passim

58 915 208 1006 Quisque
220 937 295 982 suas
309 913 396 981 avidi
413 912 455 981 ad
470 911 630 1005 lacrymas
646 911 831 981 miserabile
847 926 986 981 currunt

56 1035 256 1101 Certamen:
274 1056 356 1123 quos
377 1030 478 1098 densa
494 1029 598 1125 gradu
616 1033 815 1098 comitantur
831 1044 945 1099 euntes

57 1148 162 1218 Millia
181 1148 307 1217 solandi
325 1148 435 1217 studio
452 1174 460 1215 ε
478 1174 553 1242 para
569 1150 673 1217 visere
689 1147 829 1242 flagrant

57 1269 164 1336 Unius
180 1282 253 1335 acta
271 1268 350 1353 viri,
369 1280 401 1334 et
422 1280 532 1335 tantos
551 1267 585 1333 in
603 1280 700 1336 nocte
716 1265 853 1335 labores.

57 1389 172 1455 Fervet
191 1388 252 1453 iter
269 1387 413 1481 gemitu,
431 1400 465 1454 et
481 1386 694 1480 plangoribus
715 1409 793 1454 arva
813 1383 1001 1456 reclamant

103 1509 151 1577 Ut
169 1530 248 1576 vero
267 1507 403 1575 infames
421 1506 589 1599 scopulos,
609 1504 789 1597 silvamque
807 1503 980 1574 nefandam

55 1628 271 1709 Perventum,
291 1649 351 1694 ceu
370 1622 462 1693 nulla
483 1627 574 1718 prius
589 1623 749 1709 lamenta,
767 1624 904 1692 ueratri

55 1745 243 1812 Manassent
262 1744 396 1828 imbres,
415 1743 461 1811 sic
480 1767 537 1811 ore
556 1742 757 1811 miserrimus
774 1765 842 1810 uno

57 1861 214 1930 Exoritur
231 1861 353 1954 fragor,
373 1858 594 1952 adspectuque
612 1884 748 1928 accensa
764 1873 900 1928 cruento

56 1978 168 2047 Turba
189 1978 292 2047 furit:
309 1992 374 2047 atat
392 1978 571 2070 sanguineo
588 1978 741 2046 discissus
761 1980 882 2048 amictu

56 2099 179 2165 Luctus
194 2112 306 2185 atrox,
322 2120 469 2190 caesoque
485 2096 602 2164 invitat
620 2111 753 2190 pectore
773 2111 904 2166 matres.

55 2217 250 2284 Scrutantur
268 2213 375 2310 galeas
395 2213 593 2309 frigentum,
611 2215 811 2306 inventaque
825 2231 1010 2287 monstrant

56 2337 219 2428 Corpora,
239 2333 404 2426 prociduae
419 2356 518 2426 super
535 2347 767 2426 externosque,
784 2357 935 2428 suosque.

55 2455 112 2520 Hae
128 2465 276 2546 pressant
293 2453 328 2520 in
346 2452 422 2520 tabe
439 2475 564 2536 comas,
585 2451 635 2519 hae
654 2449 778 2519 lumina
796 2454 946 2546 signant,

54 2567 264 2664 Vulneraque
281 2569 346 2638 alta
365 2567 494 2664 replent
513 2569 688 2664 lacrymis:
707 2595 783 2663 pars
803 2569 930 2665 spicula
947 2570 1061 2641 dextra

55 2689 281 2781 Nequicquam
296 2703 450 2782 parcente
466 2689 620 2775 trahunt,
641 2712 718 2781 pars
734 2686 877 2756 molliter
893 2701 1008 2782 aptant

54 2807 189 2873 Brachia
208 2820 325 2875 trunca
345 2804 435 2893 loco,
454 2820 487 2874 et
504 2808 687 2875 cervicibus
704 2829 762 2873 ora
781 2818 956 2897 reponunt

103 2927 146 2990 At
165 2947 243 3017 vaga
263 2949 323 3019 per
340 2923 475 3010 dumos,
492 2925 653 3016 vacuique
669 2925 701 2991 in
717 2923 852 3018 pulvere
868 2926 993 3017 campi,

55 3045 176 3133 Magna
193 3065 309 3133 pareus
322 3045 500 3136 juvenum,
517 3043 639 3137 gemini
658 3057 737 3111 tunc
755 3043 900 3131 funeris,
920 3042 991 3124 Ide,

58 3156 267 3250 squalentem
285 3160 412 3230 sublata
429 3185 573 3242 comam,
590 3159 790 3252 liventiaque
809 3184 867 3228 ora

56 3279 174 3370 Ungue
193 3300 357 3369 premens,
375 3305 435 3349 nec
450 3280 519 3373 jam
543 3278 656 3347 infelix
672 3278 939 3372 miserandaque,
958 3303 1073 3351 verum

56 3397 176 3464 Terror
193 3396 276 3463 inest
292 3396 461 3491 lacrymis,
480 3413 587 3493 peret
604 3422 695 3466 arma
710 3411 743 3465 et
760 3422 899 3491 corpora
914 3399 1035 3492 passim

54 3516 213 3582 Canitiem
232 3514 391 3606 impexam
411 3516 483 3585 ‹lira
499 3515 617 3586 tellure
635 3513 803 3600 volutans,

53 3633 181 3721 Quaerit
200 3632 294 3723 inops
311 3645 420 3718 natos,
437 3635 591 3727 omnique
605 3636 638 3701 in
655 3658 793 3728 corpore
809 3630 945 3728 plangit.

100 3747 262 3818 Thessalis
279 3747 368 3816 haud
385 3747 478 3818 aliter
493 3752 578 3821 bello
594 3755 705 3847 gavisa
722 3752 866 3837 recenti,

54 3867 117 3935 Cui
135 3865 254 3961 gentile
273 3866 365 3935 nefas
380 3867 544 3937 hominem
564 3895 718 3939 revocare
733 3869 898 3954 canendo,

54 3981 216 4053 Multifida
232 3983 385 4054 attollens
401 3985 536 4077 antiqua
554 3986 676 4056 lumina
692 3987 806 4073 cedro,
