2812 5258
316 475 370 541 ¹⁸4
629 473 837 529 Tussunos
855 471 964 526 ussa
985 472 1007 525 1.
1218 467 1251 529 (v.
1263 465 1340 521 us.)

314 597 429 664 Pacem
449 598 575 683 animo,
592 620 805 688 somnumque
824 595 911 687 pati?
929 593 984 661 sed
1004 591 1130 684 prodite
1144 588 1284 657 tandem

313 712 409 782 Unde
426 714 512 782 orti?
532 739 598 805 quo
615 712 706 781 fertis
723 712 804 779 iter?
821 735 892 803 quae
905 709 1036 802 jurgia?
1053 696 1128 776 nam
1145 730 1205 774 vos

314 830 409 897 Haud
427 829 565 898 humiles
583 845 673 897 tanta
691 833 739 898 ira
759 830 871 915 docet,
888 829 1078 921 generisque
1094 824 1229 917 superbi

313 948 435 1039 Magna
452 972 512 1039 per
529 948 669 1015 effusum
687 947 868 1015 clarescunt
884 948 977 1040 signa
994 968 1155 1013 cruorem.
1166 972 1183 1005 u

297 1104 303 1115 ·
359 1067 424 1131 Vix
441 1088 496 1150 ea,
516 1089 591 1132 cum
609 1067 712 1131 mixto
728 1062 869 1132 clamore
884 1063 1018 1155 obliqua
1036 1075 1162 1129 tuentes

312 1181 479 1273 Incipiunt
500 1206 565 1249 una
580 1207 587 1248 :
603 1187 695 1250 «Rex
715 1208 735 1250 ο
753 1182 919 1250 mitissime
935 1176 1113 1249 Achivum!

312 1298 403 1387 Quid
419 1299 523 1366 verbis
540 1299 645 1393 opus?
663 1302 732 1393 ipse
752 1300 912 1367 undantes
931 1299 1088 1390 sanguine
1108 1295 1221 1365 vultus

311 1416 497 1511 Adspicis.»
515 1423 590 1486 Haec
607 1420 727 1511 passini
746 1418 884 1486 turbatis
904 1418 991 1484 vocis
1011 1439 1128 1483 amare

311 1534 497 1604 Confudere
514 1538 623 1603 sonis:
642 1534 717 1602 inde
733 1560 826 1602 orsus
843 1537 876 1601 in
894 1534 1009 1602 ordine
1026 1532 1154 1625 Tydeus

312 1655 512 1738 Continuat,
530 1655 635 1720 moesti
653 1655 786 1747 cupiens
803 1653 918 1721 solatia
937 1677 1050 1721 casus:

359 1769 601 1838 «Monstriferae
620 1770 796 1863 Calydonis
815 1796 910 1866 opes,
926 1770 1145 1864 Acheloiaque
1165 1793 1246 1837 arva

310 1890 466 1956 Deseruit
481 1890 595 1956 vestris
615 1888 668 1957 hic
684 1914 736 1956 me
755 1915 830 1958 ecce
848 1892 881 1957 in
899 1890 1019 1957 finibus
1036 1890 1151 1982 ingens

311 2009 387 2075 Nox
408 2008 534 2100 operit:
550 2022 635 2076 tecto
651 2007 767 2076 coelum
787 2008 958 2102 prohibere
974 2010 1047 2102 quis
1065 2008 1124 2076 iste

225 2168 228 2175 ·
309 2125 444 2193 Arcuit?
459 2150 501 2193 en
519 2128 673 2218 quoniam
693 2129 782 2220 prior
800 2127 869 2196 haec
885 2127 926 2195 ad
944 2126 1055 2195 limina
1071 2126 1156 2193 forte

311 2241 452 2312 Molitur
469 2246 619 2337 gressus?
635 2248 758 2339 pariter
774 2246 936 2315 stabulare
953 2244 1145 2313 bimembres

309 2366 507 2447 Centauros,
525 2390 655 2456 unaque
672 2365 782 2434 ferunt
796 2365 955 2459 Cyclopas
973 2367 1006 2432 in
1024 2368 1120 2433 AEtna

311 2483 537 2575 Compositos,
554 2499 630 2550 sunt
647 2498 680 2550 et
696 2483 816 2551 rabidis
833 2486 908 2576 jura
924 2486 1020 2552 insita
1039 2484 1213 2569 monstris,

310 2603 437 2693 Fasque
453 2626 569 2668 suum:
585 2602 678 2669 nobis
695 2604 817 2671 sociare
832 2602 953 2671 cubilia
969 2602 1085 2671 terrae?

309 2720 373 2789 Sed
391 2719 471 2813 quid
487 2721 567 2816 ego?
584 2737 641 2790 aut
657 2720 754 2790 hodie
771 2722 882 2816 spoliis
899 2725 1029 2815 gavisus
1047 2721 1168 2806 abibis,

308 2839 467 2931 Quisquis
485 2865 537 2927 es,
554 2841 623 2924 his;
640 2856 697 2909 aut
718 2867 786 2929 me,
805 2844 915 2909 sinon
934 2841 1062 2910 effoetus
1081 2840 1201 2911 oborto

311 2957 449 3049 Sanguis
467 2957 564 3026 hebet
583 2958 691 3046 luctu,
710 2962 819 3054 magni
841 2961 881 3029 de
901 2964 1001 3055 stirpe
1016 2974 1163 3029 creatum

308 3079 459 3163 OEneos,
477 3092 510 3144 et
526 3079 626 3146 Marti
643 3105 710 3146 non
728 3079 925 3172 degenerare
941 3093 1079 3173 paterno

310 3198 656 3287 Accipies.»-uNec
673 3223 732 3266 nos
749 3199 865 3285 animi,
886 3223 946 3267 nec
962 3200 1072 3291 stirpis
1088 3221 1269 3290 egemus,n

309 3310 369 3380 Ille
386 3312 485 3381 refert
502 3331 616 3383 contra
629 3341 636 3383 :
650 3316 707 3384 sed
724 3342 815 3385 mens
832 3318 893 3385 sibi
907 3318 1038 3385 conscia
1057 3316 1134 3384 sacti

309 3433 494 3500 Cunctatur
512 3431 658 3524 proferre
672 3449 808 3527 patrem.
822 3440 916 3505 Tune
931 3437 1018 3504 mitis
1031 3434 1213 3504 Adrastus:

309 3550 440 3616 «Immo
458 3549 563 3642 agite,
580 3564 613 3617 et
630 3554 758 3642 positis,
775 3579 856 3645 quas
875 3579 940 3622 nox
957 3556 1156 3648 inopinaque
1175 3557 1287 3651 suasit

309 3670 376 3737 Aut
393 3668 515 3752 virtus,
532 3682 589 3736 aut
608 3670 673 3756 ira,
692 3671 804 3758 minis,
823 3672 986 3742 succedite
1003 3689 1100 3743 tecto.

309 3790 382 3854 Jam
400 3787 521 3879 pariter
538 3803 654 3856 coeant
668 3790 854 3860 animorum
873 3794 907 3860 in
926 3795 1064 3887 pignora
1079 3793 1212 3863 dextre.

309 3908 385 3978 Non
401 3906 471 3974 haec
488 3907 670 3996 incassum,
690 3911 849 4003 Divisque
867 3911 1057 3981 absentibus
1074 3926 1165 3981 actm
1234 3926 1237 3931 '

309 4029 431 4095 Forsan
450 4039 482 4094 et
497 4027 555 4096 has
569 4043 727 4098 venturus
742 4053 836 4098 amor
851 4032 1045 4122 premiserit
1059 4032 1140 4117 iras,
