2812 5258
298 426 351 492 134
600 420 809 477 Tflssutmos
830 418 941 495 Lmen
956 418 1033 472 vni.
1219 417 1252 480 (ι.
1263 421 1333 480 535.)

294 547 462 633 Vulnera,
480 570 541 615 nee
558 541 635 613 l'elix
651 543 774 612 dextrae
793 556 907 629 tenor,
926 541 959 609 in
978 539 1063 609 latus
1082 542 1148 608 iras

294 669 449 762 Frangit,
467 681 499 734 et
515 679 659 760 expertae
671 667 742 757 jam
763 688 830 731 uon
849 662 941 730 venit
962 659 1080 729 obvius
1098 660 1208 729 hastae.

341 790 444 875 Ecce,
463 786 582 855 ducem
602 799 734 871 turmae,
752 798 843 852 certa
859 781 1050 876 indignatus
1066 783 1100 850 in
1118 781 1246 850 bostem

293 905 444 1002 Spicula,
462 904 548 975 felici
565 904 748 974 Prothoum
765 918 922 995 torquere
939 899 1063 970 lacerto

293 1025 460 1095 Turbidus
475 1024 645 1110 OEnides,
663 1047 731 1092 una
747 1022 815 1091 duo
831 1044 971 1115 corpora
985 1023 1086 1115 pinu,

293 1145 579 1239 Cornipedemque
596 1145 805 1236 equitemque
823 1141 898 1210 ierit
916 1167 924 1208 :
944 1142 1012 1209 ruit
1034 1139 1088 1209 ille
1108 1156 1259 1211 ruentem

295 1267 334 1332 ln
354 1265 560 1348 Prothoum,
580 1261 756 1357 lapsasque
772 1284 872 1329 manu
892 1261 1069 1352 quaerentis
1088 1260 1235 1330 habenas

294 1386 333 1451 ln
351 1382 460 1451 vultus
478 1381 626 1478 galeam,
642 1381 860 1475 clypeumque
877 1381 913 1448 in
928 1394 1064 1473 pectora
1081 1379 1204 1461 calcat,

295 1504 430 1572 Saucius
448 1517 596 1570 extremo
614 1499 719 1568 doner
735 1523 812 1568 eum
829 1499 990 1592 sanguine
1008 1499 1119 1568 frenos

296 1622 452 1714 Respuit,
467 1635 500 1689 et
513 1621 628 1713 juncta
645 1618 782 1688 domino
795 1618 923 1687 cerrioe
938 1619 1110 1687 recumbit.

343 1741 399 1809 Sie
414 1735 524 1808 ulmus
538 1739 698 1831 vitisque,
715 1735 839 1832 duplex
852 1738 983 1830 jactura
997 1735 1126 1824 uoloni,

294 1861 454 1928 Gaurano
468 1858 510 1927 de
523 1873 636 1928 moute
649 1856 774 1927 endunt
788 1883 796 1924 ε
813 1855 869 1927 sed
882 1858 1030 1928 moestior
1044 1856 1153 1928 ulmus

204 1987 205 1990 ’
293 1979 424 2066 Quaerit
442 1993 619 2072 utrumque
638 2002 773 2066 nemus,
795 2002 856 2048 nec
877 1992 944 2048 tam
964 2004 1024 2048 sua
1045 1980 1179 2049 brachia
1200 1979 1331 2065 labens,

293 2099 403 2185 Quam
422 2101 525 2192 gemit
541 2114 704 2186 assumes,
725 2101 895 2192 invitaque
912 2101 1053 2193 proterit
1072 2124 1162 2170 uvas.

342 2219 513 2285 Sumserat
532 2221 567 2286 iu
583 2221 718 2286 Danaos
737 2216 929 2287 Heliconius
949 2241 1041 2286 arma
1059 2216 1234 2295 Coroebus,

295 2338 379 2404 Ante
396 2358 506 2403 eomes
521 2335 646 2418 Musis,
665 2335 771 2426 stygii
790 2337 845 2402 cui
864 2336 996 2402 conscia
1013 2338 1108 2427 pensi

292 2457 369 2547 Ipsa
384 2452 442 2521 diu
458 2453 612 2545 inspeetis
629 2450 729 2520 lotum
746 2451 942 2543 predixerat
959 2454 1054 2521 astris

292 2574 419 2642 Uranie
434 2597 441 2640 ε
457 2572 552 2666 cupit
564 2568 620 2640 ille
635 2586 763 2655 tamen,
777 2595 973 2667 pugnasque
987 2574 1140 2667 virosque

294 2694 444 2762 Forsitan
459 2706 496 2761 ut
510 2707 643 2762 caneret
658 2716 665 2760 ε
682 2690 782 2787 longa
793 2694 882 2786 jacet
896 2694 966 2786 ipse
980 2693 1144 2762 canendus

294 2813 426 2900 Laude,
442 2813 499 2882 sed
514 2815 671 2882 amissum
686 2828 785 2883 mutae
799 2813 919 2883 flevere
935 2838 1073 2883 sorores.

343 2936 462 3001 Pactus
474 2936 680 3027 Agenoream
693 2935 808 3027 primis
820 2937 900 3027 Atys
913 2933 982 3001 ibet
994 2934 1037 3001 ab
1047 2936 1145 3003 annis

294 3059 445 3123 Ismenen
459 3053 574 3147 (Tyrii
585 3055 717 3146 juvenis
730 3077 798 3125 nou
812 3051 941 3120 advena
955 3051 1053 3140 belli,

293 3174 455 3262 Quamvis
471 3172 601 3267 Cyrrba
617 3172 734 3240 domus
751 3198 758 3239 :
775 3195 903 3239 soceros
920 3196 982 3241 nec
999 3176 1147 3243 tristibus
1162 3179 1242 3244 actis

294 3292 493 3362 Adversatus
506 3291 600 3384 erat)
614 3315 785 3384 sponsam,
799 3293 852 3359 eui
866 3307 975 3361 castus
988 3297 1112 3363 amanti

294 3410 450 3504 Squalor,
464 3425 496 3478 et
511 3409 639 3504 indigni
652 3410 862 3481 commendat
875 3414 980 3506 gratia
995 3412 1112 3483 luctus.

294 3534 368 3623 Ipse
380 3553 512 3622 quoque
525 3530 676 3622 egregius
691 3554 699 3596 :
715 3552 777 3597 nee
790 3545 926 3623 pectora
940 3534 1076 3626 virginis
1091 3535 1136 3603 illi

294 3650 447 3735 Diversa,
461 3650 561 3740 inque
573 3648 693 3733 vioem,
708 3649 829 3717 sineret
843 3653 1006 3737 Fortuna,
1022 3653 1206 3745 placebant.

295 3767 384 3838 Bella
399 3781 511 3835 vetant
525 3766 638 3852 taedas,
649 3769 829 3861 juvenique
843 3770 919 3839 hinc
931 3773 1037 3865 major
1052 3775 1085 3843 in
1100 3775 1209 3845 hostes

295 3894 349 3958 Ira
365 3914 371 3955 :
387 3889 454 3955 ruit
466 3887 582 3980 primis
597 3886 779 3973 immixtus,
792 3901 825 3956 et
838 3891 970 3983 agmina
985 3895 1101 3962 Lernae

296 4011 393 4078 Nunc
408 4006 506 4102 pedes
519 4031 596 4075 ense
610 4030 709 4101 vago,
724 4009 852 4101 prensis
867 4034 955 4079 nunc
970 4012 1074 4082 celsus
1090 4016 1243 4102 habenis,
