2812 5258
322 430 380 505 298
693 428 985 484 annornnonns

361 546 532 602 Nebulamm
550 545 672 598 Incendit
690 544 794 598 amictu
811 540 851 619 (r.
867 540 945 619 631).
964 542 1128 599 «pestilenti
1146 546 1247 603 calore
1276 550 1370 623 plena

317 636 420 691 nebula
434 636 529 690 omnia
542 634 645 690 obruit.
659 658 671 681 u
682 637 780 689 Gnoss.
798 632 931 688 Similiter
946 635 1072 689 Lactant.

358 730 502 785 Exoratne
515 728 576 782 obis
596 726 633 801 (r.
647 725 724 799 666).
740 729 848 781 «Poeta
861 726 917 781 boc
933 727 994 781 vult
1007 726 1139 801 intelligi,
1152 726 1284 787 invitm
1298 734 1364 793 01»-

318 823 429 879 roebum
442 819 573 893 precibus
586 817 688 874 civium
699 818 822 873 amortis
834 818 990 873 discessisse
1002 818 1182 892 proposito.»
1202 823 1300 879 Lacr.

358 913 468 969 Erravit
480 914 573 985 ps'etns
586 909 623 984 (v.
643 909 720 987 690).
734 911 805 966 Tam
817 910 847 965 in
865 921 985 985 paterno
1002 909 1117 984 quidem
1130 930 1219 985 quarn
1238 914 1273 971 in
1293 936 1362 975 m.

316 1017 397 1061 terno
407 1023 508 1080 genere
518 1022 525 1056 τ
535 1013 683 1075 paternum
694 1002 774 1057 duxit
789 1001 926 1059 Adrastus
934 1002 971 1057 ab
978 1004 1075 1071 AEolo‚
1083 1002 1163 1076 cujus
1172 1004 1251 1063 lilius
1265 1004 1364 1067 Arba-

315 1115 373 1152 mas
385 1096 541 1151 Learchum
557 1092 646 1148 filiurn
659 1092 766 1167 sagittis
783 1091 917 1162 confixit,
937 1094 1111 1167 alterumque
1126 1094 1278 1171 Phryxum
1292 1102 1363 1157 ,lovi

315 1188 459 1242 immolare
471 1185 575 1253 voluit3
589 1195 771 1240 maternuma
784 1184 908 1252 Tantali,
921 1183 957 1239 de
970 1183 1051 1256 cujus
1064 1194 1092 1239 et
1105 1186 1219 1260 Pelopis
1231 1192 1362 1261 posteris

315 1278 410 1334 omnin
422 1278 643 1333 notu-liebus
655 1276 797 1344 secundis,
814 1294 885 1351 quas
901 1294 959 1331 non
971 1276 1025 1331 nisi
1037 1274 1171 1333 virtutem
1186 1282 1274 1355 sequi
1287 1282 1361 1339 olim

315 1370 516 1443 opinabantur,
537 1368 671 1423 infaustas
683 1386 752 1422 vcro
766 1386 782 1422 a
797 1367 949 1423 sceleribus
968 1364 1120 1440 proficisci.

354 1464 395 1517 Bt
406 1462 551 1516 assiduam
558 1461 667 1533 pelago
679 1476 735 1513 non
748 1478 873 1533 quarere
885 1461 977 1514 Delon
991 1456 1030 1535 (r.
1046 1458 1123 1533 γοα).
1136 1484 1150 1509 ι
1158 1460 1216 1517 Seu
1228 1472 1261 1518 te
1273 1464 1361 1536 jurat

313 1554 406 1608 Delon
417 1552 510 1608 statim
523 1551 680 1621 inventam,
693 1568 746 1605 nec
753 1550 871 1623 amplius
880 1550 910 1604 in
922 1550 993 1605 mari
1005 1547 1187 1625 rngrrn(nam
1200 1556 1360 1611 maim

313 1656 355 1700 est
368 1642 521 1719 stabilem),
535 1642 663 1697 invisere.
683 1640 803 1697 Dicendi
823 1641 926 1697 modus
939 1642 967 1697 h.
982 1642 1001 1697 l
1015 1641 1103 1697 niun
1115 1660 1167 1699 nec
1179 1642 1279 1701 bercle
1293 1649 1360 1703 ele-

312 1753 410 1809 gans.»
426 1736 507 1789 Wrn.
523 1736 618 1803 Quare
629 1733 792 1788 lactantius
805 1733 979 1788 contrarium
992 1732 1145 1789 intellexit:
1154 1758 1168 1785 ι
1176 1736 1235 1791 Seu
1248 1746 1281 1792 te
1295 1756 1357 1795 non

310 1827 390 1898 juvat
403 1844 461 1882 esse
479 1824 509 1880 in
522 1826 603 1894 Delo,
619 1842 682 1898 qne
691 1824 871 1881 instabilitate
883 1842 933 1880 sna
951 1835 993 1881 est
1004 1824 1108 1899 hospes
1118 1826 1238 1883 litorum
1252 1828 1357 1887 diver·

312 1938 415 1975 sorum.
429 1942 442 1969 i
457 1919 554 1974 Paullo
567 1928 633 1991 post
645 1917 765 1972 «etherei
770 1928 905 1990 parentes
914 1926 980 1973 sunt
991 1916 1105 1991 Jupiter
1115 1928 1145 1974 et
1159 1920 1292 1993 hittun
1305 1924 1356 1980 aed

310 2028 377 2066 vere
388 2010 539 2084 conjecisse
551 2019 621 2083 puto
638 2010 793 2065 Weberum
803 2029 810 2063 ε
820 2032 833 2059 ι
841 2009 878 2065 Et
890 2009 1002 2065 etherei
1015 2008 1095 2065 dono
1105 2026 1213 2067 canere
1222 2018 1356 2086 parenni

310 2104 456 2158 AEtemum
464 2099 566 2158 florere
573 2120 685 2175 gemb
695 2101 775 2175 quod
784 2111 812 2157 et
820 2101 977 2158 statianum
985 2101 1353 2163 maxineertotnntoenm

310 2193 401 2249 iudea
414 2214 440 2250 r.
462 2195 531 2249 Tela
547 2193 617 2249 mire
631 2193 720 2267 erigit.

350 2285 465 2359 Phryga
482 2285 617 2339 subnuttis
635 2285 753 2339 cirtam
765 2281 802 2360 (r.
818 2282 895 2360 709).
911 2283 977 2340 scil.
990 2284 1201 2359 tnudlrruym.

693 2520 735 2575 nt
754 2521 901 2577 LIBRUM
920 2520 960 2577 11.

350 2741 451 2811 Styx...
460 2753 557 2791 norem
571 2733 730 2807 circumfluo
744 2735 852 2808 campe}
864 2732 902 2811 (v.
919 2732 961 2811 5).
976 2733 1090 2791 Scilicet
1101 2752 1176 2810 qnos
1187 2732 1279 2795 efficit
1292 2758 1349 2797 no.

307 2850 371 2885 vem
379 2828 492 2884 fluentis
500 2829 565 2897 suis,
572 2838 707 2901 tanquam
719 2826 831 2883 insulas.
841 2826 1211 2901 lnntiliterergollentleius
1217 2834 1349 2905 rp.Ki‹l-

308 2921 386 2975 dium
399 2920 435 2974 ad
451 2921 560 2975 Dawes.
579 2918 661 2973 Misc.
668 2958 678 2985 ,
698 2937 726 2990 p.
740 2919 807 2988 647,
821 2918 943 2991 conjecit
954 2919 1028 2975 rivis.

347 3011 469 3082 Major...
479 3012 601 3082 En‘nnys
611 3009 649 3086 (v.
661 3006 718 3083 no).
728 3012 843 3065 Poterat
849 3028 906 3065 esse
915 3009 1005 3083 simpl.
1011 3012 1185 3085 grnndoem,
1198 3016 1347 3083 utrenior,

307 3114 336 3160 et
348 3103 462 3173 similia,
473 3102 623 3176 dequibus
636 3101 673 3157 ad
689 3102 768 3167 Sitn,
785 3121 812 3172 1,
829 3121 860 3173 1,
877 3101 1086 3172 ron;sedrecte
1097 3102 1299 3163 Wakefieldns
1309 3108 1345 3163 ad

306 3199 400 3253 AEsch.
421 3199 537 3251 Eumen.
547 3233 556 3261 ,
579 3193 633 3249 150
654 3214 661 3248 τ
679 3204 740 3261 Nise
760 3197 791 3253 <li
811 3204 898 3273 γραίας
914 3198 1034 3273 δαίμονας
1052 3206 1205 3258 καθιππάσω
1219 3194 1345 3274 (Apollo

306 3288 434 3362 Furias),
449 3286 584 3342 intellexit
597 3294 751 3364 πρεσβυτέρα
764 3296 828 3357 Διός,
841 3286 921 3360 quod
934 3287 1104 3345 Eumenides
1115 3287 1154 3344 nd
1167 3288 1289 3347 Saturni
1299 3310 1345 3349 re·

306 3396 393 3452 gnum
410 3378 556 3433 recedunt.
564 3408 604 3419 —
612 3382 702 3432 Antea
720 3396 748 3432 v.
768 3397 798 3433 rr
816 3380 925 3435 medica
938 3381 1023 3453 virga
1036 3389 1078 3457 est
1097 3381 1246 3437 Mercurii.

345 3472 410 3526 Non
426 3470 523 3522 audax
535 3469 781 3540 scarrderestnctras
797 3468 839 3546 (v.
860 3468 923 3547 44).
941 3473 1031 3529 nNon
1049 3472 1125 3527 ultre
1136 3469 1212 3529 fines
1226 3472 1343 3531 litum

304 3561 520 3637 progrediens.»
534 3561 618 3615 Lac-r.
633 3563 738 3617 Versus
752 3572 876 3636 quatuor
891 3564 984 3633 37-40
997 3563 1099 3619 desunt
1111 3562 1141 3618 iu
1155 3564 1257 3623 multis
1269 3584 1343 3637 rusa,

305 3657 389 3711 etiarn
401 3657 505 3727 Regin,
519 3671 612 3726 neque
630 3653 666 3707 ab
681 3654 828 3710 Lactantio
841 3654 989 3727 expliceti3
1005 3672 1070 3711 sene
1087 3656 1166 3711 ultra
1182 3658 1341 3729 perlectum

304 3749 462 3814 trahuntur,
477 3747 522 3799 vel
541 3746 653 3820 abipso
672 3756 758 3817 poeta
772 3746 870 3815 deleti,
883 3749 929 3802 vel
948 3746 1062 3803 aliunde
1074 3746 1131 3802 hnc
1147 3750 1292 3807 inuitati

342 3838 502 3910 Mede'oeque
515 3839 627 3891 silentia
637 3839 727 3890 Lnnoe
740 3835 776 3911 (v.
793 3836 849 3914 58).
861 3840 949 3893 Recte
960 3856 1015 3910 pro
1027 3836 1179 3895 usitatiore
1191 3842 1293 3897 maisin
1304 3844 1343 3897 si-

305 3930 392 3986 lentia
399 3969 408 3996 ,
428 3939 456 3983 et
477 3931 575 3985 melius
588 3948 673 4003 quam
685 3942 826 4004 rreutoeque
838 3932 882 3985 sil.
895 3932 945 4000 L.,
964 3928 1223 4017 quodlrepositurn
1237 3934 1288 3993 hic
1304 3946 1345 3993 est

303 4021 517 4079 nl‘alclceuario
532 4022 567 4076 nd
584 4026 712 4076 Ammon.
728 4023 833 4089 Anien,
853 4039 881 4095 p.
902 4019 963 4076 135.
