2812 5258
345 455 397 513 156
704 457 732 509 r.
756 453 878 509 runnu
899 452 1019 507 srarn
1225 432 1228 439 '
1259 450 1295 510 (v.
1313 452 1384 514 ¹³9.)

340 587 414 651 Vox
436 595 493 648 tua
511 604 519 646 :
537 604 602 646 non
623 580 719 649 toties
734 582 893 647 victorem
914 581 1051 648 Castora
1065 599 1161 669 gyro,

340 704 410 771 Nec
431 701 565 768 fratrem
584 714 683 768 caestu
699 699 819 767 virides
838 696 986 791 plausere
1002 696 1193 788 Therapnae.

341 824 390 890 Sit
408 844 550 914 pronum
569 821 684 888 vicisse
702 819 807 903 domi;
823 816 903 911 quid
921 817 1038 886 Achaea
1056 816 1175 884 mereri

339 943 492 1028 Praemia,
510 965 599 1008 nunc
618 941 717 1007 ramis
730 938 866 1025 Phoebi,
885 961 973 1005 nunc
993 937 1138 1029 germine
1153 938 1289 1021 Lernae,

316 1065 437 1131 .Nunc
456 1063 674 1130 Athamantea
692 1073 877 1152 protectum
897 1073 1046 1152 tempora
1066 1055 1167 1153 pinu?

338 1185 453 1272 Quum
474 1182 569 1250 toties
590 1179 722 1265 lassata,
744 1195 851 1247 tamen
871 1203 1033 1272 nusquam
1052 1179 1125 1245 avia
1145 1177 1282 1247 frondes

337 1300 503 1388 Abstulit,
520 1315 577 1368 aut
593 1298 694 1368 aliurn
712 1299 820 1392 te'tigit
832 1298 982 1368 Victoria
999 1298 1133 1365 crinem.

385 1422 471 1489 Hinc
489 1421 549 1490 tibi
570 1434 647 1488 vota
662 1433 793 1512 patrum
811 1417 919 1506 credi,
938 1441 1160 1510 generosaque
1176 1418 1283 1510 pubes

336 1547 383 1612 Te
399 1542 562 1611 monitore
577 1541 664 1632 regi,
684 1563 856 1632 moresque
873 1553 907 1606 et
927 1538 1011 1608 facta
1028 1541 1178 1633 priorum

336 1663 470 1731 Discere
491 1685 499 1727 ε
521 1661 593 1753 quis
612 1683 704 1728 casus
718 1660 842 1751 Trojae3
860 1683 959 1751 quam
981 1659 1095 1728 tardus
1110 1659 1241 1745 Ulixes3

335 1784 491 1870 Quantus
507 1804 609 1873 equos
627 1804 819 1873 pugnasque
834 1781 943 1848 virum
968 1779 1140 1851 decurrere
1154 1805 1253 1852 versu

335 1898 533 1986 Maeonides3
553 1914 779 1993 quantumque
794 1900 866 1992 pios
884 1899 998 1968 ditarit
1015 1916 1158 1994 agrestes

335 2025 503 2109 Ascraeus,
519 2018 715 2112 Siculusque
728 2044 841 2105 sencx;
860 2044 926 2112 qua
943 2018 1014 2114 lege
1029 2035 1177 2090 recurrat

335 2141 514 2208 Pindaricae
533 2165 597 2208 vox
613 2139 696 2208 flexa
715 2138 809 2232 lyrae,
828 2137 1066 2234 volucrumque
1083 2156 1238 2235 precator

333 2261 468 2353 Ibycus,
489 2276 523 2330 et
540 2261 662 2329 tetricis
681 2258 818 2329 Alcman
839 2273 989 2329 cantatus
1006 2259 1168 2355 Amyclis,

335 2382 605 2472 Stesichorusque
621 2380 735 2464 ferox,
752 2394 909 2472 actusque
925 2405 1054 2474 egressa
1073 2380 1183 2450 viriles

333 2504 412 2571 Non
427 2499 602 2569 formidata
621 2500 793 2567 temeraria
809 2498 960 2568 Leucade
978 2502 1130 2595 Sappho;

337 2623 496 2715 Quosque
514 2618 594 2688 alios
612 2619 746 2712 dignata
762 2617 871 2712 chelys
889 2646 897 2687 t
916 2634 951 2689 tu
968 2621 1113 2715 pandere
1129 2621 1221 2691 docti

335 2743 490 2810 Carmina
505 2739 678 2824 Battiadae,
695 2736 901 2832 latebrasque
922 2742 1149 2834 Lycophronis
1165 2742 1247 2829 atri,

335 2862 574 2954 Sophronaque
592 2857 802 2952 implicitum,
822 2861 993 2954 tenuisque
1008 2886 1126 2930 arcana
1143 2864 1320 2950 corinnae,

334 2979 399 3048 Sed
419 2979 499 3073 quid
513 3003 614 3072 parva
634 2977 771 3071 loquor?
785 2994 823 3048 tu
842 3004 903 3074 par
917 2996 1064 3050 assuetus
1081 2985 1227 3050 Homero

335 3103 434 3167 Ferre
448 3099 587 3193 jugum,
609 3124 770 3192 senosque
789 3099 888 3192 pedes
907 3125 1036 3193 aequare
1052 3100 1168 3169 solutis
1239 3150 1244 3155 -

333 3220 496 3306 Vocibus,
511 3235 545 3288 et
560 3245 729 3313 nunquam
749 3245 845 3313 passu
864 3220 1013 3289 breviore
1028 3220 1180 3314 relinqui.

380 3338 472 3427 Quid
490 3341 629 3424 mirum,
645 3341 751 3432 patria
768 3343 795 3408 si
815 3354 847 3407 te
863 3342 984 3434 petiere
1003 3340 1115 3409 relicta

333 3459 426 3546 Quos
440 3462 593 3528 Lucanus
609 3484 700 3551 ager,
718 3460 816 3551 rigidi
835 3484 918 3552 quos
930 3462 1047 3554 jugera
1061 3461 1193 3547 Dauni,

332 3579 425 3665 Quos
439 3578 562 3646 Veneri
582 3576 710 3671 plorata
730 3578 863 3663 domus,
882 3564 1093 3673 neglectaque
1109 3577 1207 3647 tellus

331 3697 476 3781 Alcidae,
494 3696 545 3766 vel
566 3722 649 3790 quos
667 3722 685 3765 c
705 3699 827 3767 vertice
842 3701 1041 3768 Surrentino

331 3819 437 3886 Mittit
453 3818 614 3910 Tyrrheni
632 3816 831 3911 speculatrix
849 3818 943 3909 virgo
960 3816 1138 3911 profundi?

332 3939 425 4025 Quos
442 3937 595 4030 propiore
616 3937 688 4004 sinu
707 3935 789 4005 lituo
803 3960 961 4028 remoque
975 3950 1107 4007 notatus

331 4056 449 4144 Collis,
466 4070 497 4125 et
511 4057 648 4126 Ausonii
664 4055 791 4150 pridem
807 4053 883 4123 laris
899 4055 1030 4149 hospita
1050 4060 1168 4148 Cyme;
