2812 5258
326 384 380 422 na
641 360 851 418 THEBAIDOS
872 360 985 417 mult
999 359 1063 415 vn.
1249 355 1281 417 (v.
1295 356 1363 415 :¹⁵-t

322 492 562 581 intonsumque
576 489 692 579 Gyan,
712 508 909 578 sacrumque
926 486 1073 577 Lycorea
1089 478 1215 549 Phoebo

322 609 451 678 Invitus
469 634 477 675 z
491 606 561 700 jam
579 603 765 674 fraxineum
782 603 955 673 dimiserat
974 601 1077 670 hastae

321 727 450 813 Robur,
469 742 503 794 et
521 725 664 794 excussis
680 725 837 818 apparuit
855 720 960 793 infula
975 722 1104 811 cristis:

322 844 520 915 Alcathoum
537 868 637 931 saxo,
657 846 712 914 cui
732 845 858 913 circum
875 857 992 937 stagna
1010 843 1138 935 Carysti

321 968 365 1034 Et
381 965 517 1049 domus,
537 980 570 1034 et
589 967 731 1059 conjux,
752 979 786 1033 et
804 978 952 1033 amantes
968 960 1067 1031 litora
1084 962 1163 1028 nati.

320 1088 457 1155 Vixerat
476 1084 531 1154 ille
551 1086 607 1155 diu
628 1110 758 1180 pauper
775 1101 942 1155 scrutator
960 1107 1141 1177 aquarum:
1232 1137 1237 1146 .

318 1208 460 1300 Decepit
479 1204 576 1275 tellus
598 1231 605 1274 :
625 1207 770 1275 moriens
788 1206 976 1298 hiemesque
995 1205 1168 1295 Notosque

318 1325 468 1412 Laudat,
489 1342 523 1395 et
540 1328 665 1420 experti
684 1324 820 1395 meliora
838 1323 985 1420 pericula
1003 1323 1108 1420 ponti.

365 1446 519 1541 Adspicit
536 1431 596 1514 lias
615 1444 714 1540 longe
730 1445 928 1538 jamdudum
947 1447 1090 1539 Asopius
1108 1448 1259 1537 Hypseus

317 1565 492 1636 Palantum
516 1579 656 1660 strages,
675 1563 835 1657 ardetque
852 1579 1001 1634 avertere
1018 1590 1188 1659 pugnam:

317 1688 518 1780 Quanquam
537 1685 628 1756 baud
648 1688 718 1780 ipse
736 1687 845 1755 minus
863 1709 965 1755 curru
985 1687 1159 1780 Tirynthia
1177 1687 1288 1756 fundit

317 1807 472 1895 Robora,
492 1806 550 1876 sed
568 1808 639 1877 viso
658 1831 802 1902 praesens
821 1807 934 1876 minor
951 1831 1077 1902 augure
1093 1810 1237 1902 sanguis.
1346 1835 1347 1839 ¹

316 1927 415 1998 lllum
436 1930 554 2014 armis,
572 1929 757 2023 animisque
777 1929 870 2023 cupit
887 1955 896 1996 ε
916 1928 1115 2022 prohibebat
1134 1929 1249 2022 iniquo

316 2051 457 2143 Agmine
474 2038 664 2119 consertum
681 2051 778 2120 cunci
795 2048 882 2119 latus
902 2075 910 2117 ε
931 2049 1008 2118 inde
1029 2050 1189 2145 superbus

315 2171 468 2239 Exseruit
490 2172 604 2264 patriis
624 2169 766 2240 electum
784 2171 907 2240 missile
926 2171 1018 2266 ripis.

315 2292 364 2356 Ac
382 2289 474 2382 prius
494 2315 502 2356 :
521 2289 717 2358 «Aonidum
738 2289 828 2358 dives
847 2290 988 2384 largitor
1004 2312 1183 2383 uquarum,

314 2405 413 2477 Clare
430 2408 605 2500 Giganteis
625 2409 826 2494 etiamnum,
848 2411 974 2501 Asope,
995 2406 1133 2495 favillis,

312 2531 365 2597 Da
384 2550 507 2595 numen
522 2524 644 2595 dextrae
662 2553 669 2595 :
685 2543 783 2622 rogat
800 2525 865 2597 hoc
882 2541 1063 2621 natusque,
1085 2528 1199 2621 tuique

313 2649 466 2736 Quercus
484 2645 619 2715 alumna
640 2646 717 2717 vadi
735 2674 742 2716 :
760 2645 808 2717 fus
827 2662 861 2716 et
878 2649 931 2717 me
951 2625 1106 2744 spernere
1123 2647 1304 2736 Phoebum,

314 2770 349 2836 Si
370 2769 431 2836 tibi
447 2766 586 2837 collatus
604 2769 730 2838 Divum
752 2785 842 2840 sator
858 2797 867 2839 ε
881 2770 994 2839 omnia
1011 2793 1157 2865 mergam

313 2889 476 2958 Fontibus
493 2914 587 2960 arma
604 2892 688 2978 tuis,
710 2893 883 2985 tristesque
901 2894 971 2960 sine
988 2915 1114 2986 augure
1134 2890 1268 2958 vittas.»

361 3008 521 3078 Audierat
541 3013 670 3104 genitor
688 3038 696 3080 :
715 3026 803 3081 vetat
820 3010 996 3106 indulgere
1009 3010 1172 3079 volentem

313 3129 472 3217 Phoebus,
492 3144 525 3199 et
542 3133 691 3225 aurigam
708 3130 856 3224 jaculum
876 3130 1050 3224 detorquet
1066 3133 1099 3198 in
1118 3134 1253 3198 Hersen.

312 3246 371 3315 llle
388 3251 465 3317 ruit.
485 3253 575 3319 Deus
595 3253 664 3342 ipse
684 3253 775 3346 vagis
794 3250 940 3320 succedit
958 3251 1114 3336 habenis,

312 3371 486 3435 Lernaeum
506 3367 587 3437 falso
606 3368 765 3437 simulans
783 3369 980 3464 Aliagmona
996 3370 1101 3439 vultu.

298 3504 301 3520 ¹
359 3489 454 3555 Tunc
473 3511 551 3555 vcro
569 3488 697 3556 ardenti
715 3514 783 3557 non
803 3488 870 3558 ulla
889 3491 1048 3560 obsistere
1067 3506 1195 3559 tentant

311 3609 431 3700 Signa3
450 3622 553 3676 ruunt
569 3606 639 3675 solo
660 3604 800 3696 terrore,
818 3625 852 3679 et
872 3609 1009 3679 vulnera
1026 3614 1109 3679 citra

311 3729 404 3794 Mors
421 3726 557 3820 trepidis
575 3729 695 3822 ignava
712 3731 827 3798 venit:
848 3731 1051 3824 dubiumque
1072 3734 1176 3799 tuenti

256 3915 258 3920 ,
312 3846 469 3913 Presserit
487 3846 623 3916 infestos
642 3874 743 3932 onus,
764 3848 976 3944 impuleritne
993 3850 1132 3944 jugales.

358 3967 412 4033 Sic
432 3966 489 4035 ubi
508 3969 695 4037 nubiferum
713 3972 833 4038 montis
853 3970 958 4059 latus,
981 3987 1038 4040 aut
1057 3997 1142 4040 nova
1162 3973 1268 4040 ventis
