2812 5258
46 408 80 470 tv.
93 403 166 467 ns.)
352 399 562 457 rnaauuos
585 401 692 456 utana
715 399 764 454 ut.
991 432 995 440 ,
1030 396 1081 465 ις,

47 529 92 596 Ni
111 525 259 595 mortalis
278 550 359 620 ego,
375 539 409 592 et
429 525 488 593 tibi
506 525 623 594 ductus
641 525 682 591 ab
702 523 824 592 aethere
840 525 984 617 sanguis.
996 553 1011 584 n

98 647 154 716 sic
170 646 217 714 ait
235 642 445 731 infrendens,
464 659 497 712 et
517 657 635 737 sponte
654 643 839 712 furentibus
859 639 957 709 undis

48 768 151 861 Signa
169 765 280 834 dedit:
296 765 397 833 mittit
415 762 544 859 gelidus
563 778 722 832 montana
738 763 907 832 Cithaeron
946 821 948 825 .

51 883 201 969 Auxilia,
218 885 435 976 antiquasque
455 885 562 969 nives,
582 897 615 951 et
633 880 754 975 pabula
772 882 897 950 brumae

51 1008 104 1073 Ire
118 1004 210 1098 jubet
225 1029 233 1070 :
251 1003 352 1072 frater
370 1004 485 1071 tacitas
503 1005 632 1095 Asopos
649 1003 742 1069 eunti

53 1121 217 1192 Conciliat
234 1123 340 1209 vires,
359 1138 393 1189 et
408 1120 527 1191 hiulcis
548 1120 685 1189 flumina
702 1121 794 1188 venis

53 1245 209 1338 Suggerit
226 1269 233 1310 :
252 1245 322 1338 ipse
340 1266 427 1310 cavae
442 1255 607 1309 scrutatur
626 1241 752 1308 viscera
768 1254 879 1325 terrae,

54 1367 262 1458 Stagnaque,
281 1376 514 1455 torpentesque
534 1359 641 1447 lacus,
662 1362 837 1455 pigrasque
856 1358 992 1454 paludes

55 1485 207 1564 Excutit,
225 1497 325 1575 atque
342 1481 455 1549 avidos
475 1478 593 1550 tollens
611 1480 653 1549 ad
671 1480 780 1550 sidera
796 1480 907 1551 vultus

10 1622 15 1631 ’
56 1606 237 1671 Humentes
258 1599 394 1670 nebulas
410 1600 583 1688 exhaurit,
604 1616 636 1670 et
655 1626 731 1670 aera
748 1604 857 1672 siccat.

57 1725 199 1815 Jamque
216 1747 314 1816 super
331 1723 419 1816 ripas
435 1737 577 1815 utroque
595 1723 776 1790 exstantior
793 1722 863 1790 ibat

59 1845 208 1937 Aggere,
224 1842 294 1934 jam
315 1841 460 1910 medium
479 1839 579 1907 modo
598 1842 655 1932 qui
673 1855 885 1933 superaverat
900 1865 1030 1909 amnem

60 1961 294 2054 Hippomedon
313 1963 456 2030 intactus
473 1961 567 2051 aquis
589 1960 809 2053 humerosque
827 1985 1027 2055 manusque,

59 2082 204 2149 Miratur
219 2080 357 2148 crevisse
377 2079 514 2162 vadum,
535 2102 667 2170 seseque
685 2080 857 2149 minorem.

61 2201 147 2269 Hinc
165 2214 265 2291 atque
282 2200 360 2268 hino
379 2198 496 2267 tumidi
514 2199 647 2284 fluctus,
667 2201 880 2292 animosaque
898 2201 1004 2295 surgit
1043 2220 1046 2224 ’

59 2321 247 2412 Tempestas
267 2320 370 2386 instar
384 2315 509 2413 pelagi,
528 2343 630 2412 quum
649 2316 797 2387 Pleiadas
815 2319 941 2407 haurit,

61 2441 128 2506 Aut
146 2439 277 2532 nigrum
291 2437 426 2531 trepidis
444 2439 598 2532 impingit
613 2440 740 2508 Oriona
757 2441 875 2509 nautis.

110 2559 188 2625 Non
205 2582 298 2625 secus
315 2581 468 2650 aequoreo
483 2557 586 2648 jactat
602 2559 817 2628 Theumesius
835 2562 940 2629 amnis

64 2675 326 2771 Hippomedonta
347 2673 432 2763 salo,
448 2700 639 2769 semperque
658 2679 801 2747 umbone
817 2681 949 2747 sinistro

64 2794 219 2882 Tollitur,
240 2811 271 2863 et
288 2794 442 2892 clypeum
459 2796 610 2887 nigrante
625 2799 813 2888 supervenit
827 2811 907 2865 testu

64 2918 224 3009 Spumeus
241 2914 420 3002 assultans,
440 2914 608 3007 fractaque
621 2914 808 2984 refunditur
824 2914 914 2991 unda

58 3037 108 3104 'Et
124 3034 258 3104 cumulo
275 3036 399 3130 majore
418 3036 522 3104 redit:
541 3059 602 3104 nec
621 3033 707 3104 mole
722 3034 859 3127 liquenti

66 3156 261 3241 Contentus,
280 3156 388 3248 carpit
405 3170 516 3247 putres
535 3155 700 3223 servantia
718 3156 806 3247 ripas
830 3224 833 3229 ,

68 3274 229 3357 Arbusta,
248 3298 454 3366 annosasque
472 3275 599 3361 trabes,
616 3275 783 3368 ejectaque
801 3273 905 3343 lundo

68 3395 154 3462 Saxa
171 3410 280 3463 rotat:
297 3410 361 3463 stat
377 3418 490 3489 pugna
507 3396 625 3488 impar,
641 3395 813 3489 amnisque
830 3396 976 3489 virique,

68 3512 264 3602 Indignante
280 3518 351 3584 Deo
368 3541 375 3581 :
397 3540 457 3583 nec
476 3515 562 3583 enim
582 3513 639 3583 dat
656 3529 768 3610 terga,
784 3540 846 3583 nee
863 3512 938 3583 ullis

67 3632 246 3723 Frangitur
266 3632 320 3700 ille
337 3637 451 3722 minis,
472 3635 706 3727 venientesque
722 3634 843 3704 obvius
860 3635 966 3704 undas

68 3752 192 3835 Intrat,
214 3763 247 3817 et
264 3750 392 3841 objecta
412 3753 555 3849 dispellit
567 3754 703 3823 llumina
720 3778 845 3848 parma.

70 3872 165 3938 Stant
183 3881 270 3936 terra
289 3867 432 3962 fugiente
450 3872 589 3964 gradus;
605 3888 637 3943 et
651 3871 775 3967 poplite
792 3889 883 3941 tenso

72 3990 215 4058 Lubrica
233 4013 310 4056 saxa
330 4003 464 4076 natant,
480 3991 682 4084 genibusque
697 3993 859 4079 obnixus,
876 4007 910 4061 et
927 3992 1054 4061 hoerens
