2812 5258
99 485 127 532 μ.
139 481 190 530 η..)
419 465 609 520 snvauuns
629 466 736 521 tuna
758 468 793 521 u.
1084 469 1119 540 ³0

97 592 172 656 Sive
189 589 343 655 catenatis
359 586 501 655 nudatus
517 586 663 654 membra
680 586 837 679 palaestris

97 710 219 790 Staret,
235 701 395 795 Amyclaea
410 717 604 796 conceptum
622 718 726 772 matre
743 717 883 796 putares.

96 821 278 891 OEbaliden
296 820 353 888 illo
370 845 513 913 praeceps
528 832 670 889 mutaret
686 819 819 913 Apollo,

96 938 223 1008 Alcides
243 952 393 1032 pensaret
409 936 517 1032 Hylan
535 965 543 1006 ε
562 963 620 1007 seu
637 940 758 1007 Graius
773 941 895 1008 amictu

96 1059 205 1126 Attica
220 1056 353 1125 facundi
370 1056 558 1124 decurreret
575 1081 650 1124 orsa
665 1057 856 1141 Menandri,

94 1176 259 1244 Laudaret
275 1176 386 1267 gavisa
402 1198 535 1260 sonum,
552 1176 741 1267 crinemque
758 1173 914 1242 decorum

92 1293 263 1359 Pressisset
282 1316 376 1360 rosea
394 1291 512 1360 lasciva
528 1290 645 1360 Thalia
660 1316 781 1360 corona
799 1317 806 1358 :

94 1411 273 1477 Maeonium
289 1411 357 1478 sire
375 1409 430 1478 ille
445 1434 572 1495 senem,
587 1412 757 1503 Trojaeque
773 1408 900 1476 labores

93 1529 240 1614 Diceret,
258 1542 315 1596 aut
330 1552 424 1596 casus
439 1527 533 1597 tarde
548 1529 723 1596 remeantis
738 1525 828 1598 Ulixi
841 1552 851 1612 ;

94 1647 167 1737 lpse
184 1659 275 1738 pater
291 1670 420 1733 sensus,
438 1647 499 1738 ipsi
518 1659 674 1740 stupuere
691 1648 847 1739 magistri.

140 1761 269 1829 Scilicet
284 1763 427 1831 infausta
441 1764 594 1833 Lachesis
609 1763 773 1832 cunabula
789 1763 904 1833 dextra

92 1880 231 1969 Attigit,
249 1893 282 1945 et
299 1881 424 1970 gremio
439 1905 579 1971 puerum
595 1880 764 1974 complexa
782 1881 911 1950 fovebat

93 1993 223 2061 Invidia
243 2020 251 2060 :
270 1991 326 2060 illa
347 2010 468 2087 genas,
484 2008 516 2061 et
533 1997 681 2065 adultum
700 2023 828 2066 comere
843 2000 982 2084 emnem,

93 2116 135 2180 Et
152 2124 335 2179 monstrare
353 2125 453 2197 artes,
470 2126 503 2179 et
520 2112 619 2180 verba
634 2115 830 2207 refringere,
846 2141 918 2208 quae
934 2139 1023 2182 nunc

91 2228 292 2322 Plangimus.
309 2227 488 2297 Herculeos
504 2231 600 2298 annis
615 2254 744 2322 aequare
760 2229 885 2299 labores

91 2349 243 2440 Coeperat
260 2371 448 2439 assurgens,
465 2360 498 2416 et
515 2347 624 2416 adhue
641 2348 780 2416 infantia
794 2350 913 2441 juxta:

89 2469 162 2533 Jam
182 2479 291 2533 tamen
309 2477 342 2532 et
358 2462 458 2532 validi
475 2489 617 2558 gressus,
633 2491 851 2560 mensuraque
867 2467 973 2559 major

90 2581 257 2668 Cultibus,
273 2596 307 2650 et
322 2583 397 2650 visae
413 2606 516 2676 puero
535 2584 721 2653 decrescere
739 2599 844 2652 vestes
861 2613 869 2652 :

90 2703 203 2788 Quum
223 2700 296 2787 tibi,
313 2725 393 2792 quas
409 2714 533 2787 vestes,
551 2727 623 2794 quae
638 2727 706 2770 non
722 2702 901 2796 gestamina
919 2701 1007 2767 mitis

89 2819 277 2886 Festinabat
291 2818 409 2886 herus?
425 2819 579 2888 brevibus
595 2822 819 2914 constringere
837 2817 928 2887 laenis

90 2937 240 3022 Pectora,
256 2950 289 3004 et
303 2951 442 3030 angusta
458 2936 539 3006 telas
554 2951 680 3006 arctare
696 2937 835 3007 lacerna.

88 3056 224 3122 Enormi
243 3080 311 3124 non
329 3054 385 3122 ille
403 3057 527 3142 sinens,
545 3055 601 3123 sed
616 3081 744 3150 semper
764 3057 806 3124 ad
822 3079 926 3124 annos

88 3175 189 3241 Texta
206 3173 332 3268 legens,
350 3173 450 3241 modo
465 3175 612 3243 Puniceo
626 3172 756 3242 velabat
772 3175 910 3258 amictu,

89 3291 185 3358 Nunc
201 3291 318 3360 herbas
336 3294 486 3361 imitante
504 3293 598 3377 sinu,
616 3315 705 3359 nunc
723 3288 817 3358 dulce
833 3290 964 3357 rubenti

90 3410 230 3494 Murice,
250 3435 339 3479 nunc
354 3413 437 3478 vivis
453 3410 574 3503 digitos
593 3408 767 3477 incendere
783 3409 920 3502 gemmis

91 3525 261 3595 Gaudehat
278 3554 286 3594 τ
305 3552 372 3596 non
392 3530 488 3597 turba
504 3552 628 3614 comes,
645 3552 713 3595 non
730 3551 868 3595 munera
883 3550 1012 3611 census,

90 3642 164 3711 Sola
181 3647 365 3715 verecundo
382 3647 494 3719 deerat
513 3660 670 3740 praetexta
686 3645 806 3714 decori.

135 3766 213 3830 Haec
231 3762 362 3831 fortuna
377 3766 493 3835 domus
510 3793 518 3832 :
539 3766 661 3833 subitas
676 3765 809 3832 inimica
825 3762 945 3831 levavit

87 3883 189 3948 Parca
205 3904 323 3948 manus
340 3907 348 3946 z
368 3906 433 3973 quo
448 3883 523 3952 diva
539 3884 624 3952 feros
640 3884 749 3977 gravis
765 3883 885 3950 exseris
900 3875 1042 3975 ungues!

10 4009 15 4018 '
87 4000 164 4067 Non
183 4013 216 4066 te
233 3998 338 4066 forma
354 4000 481 4066 movet?
498 4027 564 4069 non
580 4017 610 4071 te
628 3998 846 4092 lacrymabilis
866 3994 965 4069 aetas?
