2812 5258
241 445 274 480 ιο
595 431 621 482 Ρ.
644 426 763 481 PUBLH
784 427 903 481 STATll
1186 436 1268 489 (rao)

236 552 418 645 Lampade,
435 564 616 645 parcentes,
634 566 666 619 et
683 551 779 618 inerti
797 552 987 618 strinximus
1004 575 1093 617 arcu.

236 673 284 738 Ex
301 669 357 738 illo
377 685 515 763 quantos
528 671 657 763 juvenis
676 684 804 761 premat
820 671 935 736 anxius
953 670 1043 761 ignes

234 789 338 859 Testis
355 813 430 883 ego,
450 791 609 856 attonitus
626 802 787 880 quantum
808 813 860 855 me
877 801 972 855 nocte
988 786 1106 879 dieque

235 911 414 1002 Urgentem
431 907 512 974 ferat
529 934 536 974 ε
554 906 643 974 haud
660 905 718 973 ulli
734 907 960 974 vehementior
976 929 1121 997 unquam

233 1026 391 1111 Incubui,
408 1027 564 1119 genitrix,
583 1027 762 1116 iterataque
779 1023 916 1091 vulnera
932 1023 996 1089 fixi.

234 1143 310 1211 Vidi
330 1169 391 1237 ego
406 1159 438 1212 et
457 1145 574 1211 immiti
590 1142 752 1235 ¹'cupidum
768 1142 941 1209 decurrere
956 1164 1073 1232 campo

233 1263 488 1355 Hippomenern,
509 1286 570 1329 uec
585 1263 631 1329 sic
645 1274 732 1328 meta
748 1259 891 1353 pallebat
907 1261 942 1326 in
959 1260 1025 1326 ima
1043 1284 1051 1324 ε

233 1379 310 1447 Vidi
327 1396 359 1449 et
376 1380 525 1473 Abydeni
539 1381 670 1473 juvenis
687 1381 846 1448 certantia
861 1380 959 1446 remis

232 1500 385 1585 Brachia,
402 1498 598 1592 laudavique
617 1523 748 1583 manus,
765 1513 797 1567 et
814 1522 897 1590 saepe
912 1498 1039 1564 natanti

232 1616 371 1685 Praeluxi
389 1644 397 1685 :
415 1620 524 1686 minor
540 1617 595 1686 ille
610 1617 710 1702 calor,
726 1641 792 1708 quo
808 1640 891 1684 saeva
907 1616 1062 1708 tepebant

232 1738 384 1828 AEquora.
402 1740 452 1805 Tu
470 1751 609 1820 veteres,
622 1737 772 1827 juvenis,
789 1748 1007 1827 transgressus
1025 1756 1177 1800 amores:

233 1857 305 1946 Ipse
323 1877 383 1947 ego
400 1869 431 1922 te
449 1869 555 1922 tantos
571 1856 682 1947 stupui
702 1853 834 1921 durasse
852 1877 910 1946 per
926 1866 1037 1938 aestus,

233 1974 440 2064 Firmavique
456 1974 599 2058 animos,
615 1971 808 2064 blandisque
824 1971 990 2039 madentia
1005 1970 1126 2063 plumis
1143 1996 1148 2007 ’

233 2093 375 2159 Lumina
390 2092 519 2160 detersi.
536 2094 675 2181 Quoties
693 2092 774 2159 mihi
791 2105 923 2182 questus
943 2089 1065 2183 Apollo

232 2211 286 2277 Sic
302 2225 410 2278 vatem
428 2236 564 2280 moerere
580 2208 694 2279 suum!
713 2215 801 2297 Jam,
819 2224 934 2295 mater,
951 2223 1076 2276 amatos

231 2329 370 2422 lndulge
387 2317 547 2399 thalamos
567 2356 575 2397 :
595 2345 706 2397 noster
721 2353 830 2397 eomes
845 2327 900 2396 ille
916 2330 1053 2421 piusque

232 2448 373 2540 Signifer
389 2447 558 2515 armiferos
578 2460 706 2540 poterat
725 2471 907 2514 memorare
926 2446 1068 2533 labores,

231 2566 393 2659 Claraque
410 2567 494 2634 facta
510 2568 632 2653 virum,
649 2580 681 2634 et
698 2580 859 2634 torrentes
876 2567 1035 2660 sanguine
1050 2587 1204 2660 campos,

232 2687 284 2753 Sic
305 2686 362 2755 tibi
383 2684 509 2779 plectra
529 2685 632 2769 dedit,
652 2686 804 2779 mitisque
821 2685 971 2754 incedere
986 2698 1076 2752 vates

231 2804 366 2891 Maluit,
381 2820 415 2874 et
430 2820 540 2873 nostra
558 2804 687 2873 laurum
703 2805 874 2873 subtexere
889 2818 1006 2897 myrto.
1048 2838 1055 2853 ·

232 2924 292 2991 Hic
306 2925 466 3017 juvenum
483 2923 606 3017 lapsus,
625 2948 761 3016 suaque,
783 2923 872 2992 haud
892 2938 1053 3021 extrema,
1071 2921 1214 2992 revolvit

231 3042 387 3111 Vulnera.
405 3048 470 3112 Pro
489 3058 613 3137 quanta
629 3058 677 3111 est
691 3045 808 3138 Paphii
826 3045 1024 3129 reverentia,
1042 3057 1157 3128 mater,

231 3161 399 3232 Numinis!
420 3165 473 3232 hic
490 3177 609 3232 nostrae
624 3162 755 3232 dellevit
772 3163 837 3231 fata
854 3162 1053 3230 columbae.»

278 3284 428 3368 Dixerat;
450 3297 483 3351 et
503 3300 613 3353 tenera
632 3285 746 3352 matris
765 3285 891 3351 cervice
912 3283 1068 3376 pependit

232 3400 391 3487 Blandus,
409 3416 440 3470 et
456 3402 596 3471 admotis
613 3403 763 3496 tepefecit
778 3417 913 3494 pectora
932 3403 1058 3495 pennis.

230 3520 292 3589 llla
311 3521 430 3605 refert,
445 3520 539 3589 vultu
560 3546 626 3589 non
647 3534 818 3613 aspernata
837 3523 945 3616 rogari
965 3549 972 3590 :

232 3639 393 3708 «Grande
409 3639 557 3732 quidem,
575 3664 752 3731 rarumque
768 3640 870 3723 viris,
890 3665 972 3732 quos
990 3642 1060 3733 ipsa
1081 3640 1237 3732 probavi,

232 3760 357 3829 Pierius
373 3772 496 3850 votum·
500 3759 630 3850 juvenis
646 3759 734 3850 capit
751 3783 757 3824 :
777 3757 862 3825 lianc
879 3783 954 3851 ego,
972 3760 1084 3828 lormae

232 3879 410 3973 Egregium
427 3879 544 3945 mirata
559 3876 673 3959 decus,
688 3877 741 3943 cui
759 3874 863 3969 gloria
883 3892 1014 3970 patrum

233 4001 273 4066 tu
291 3998 417 4092 generis
433 3997 578 4066 certabat
593 3996 713 4080 honos,
733 3993 849 4063 tellure
865 3996 1034 4066 cadentem
