2812 5258
340 413 378 469 9²
640 400 851 456 menemus
871 401 980 457 LIBER
1000 403 1064 458 ΠΙ.
1268 405 1302 467 (v.
1316 407 1386 470 nil,

340 526 405 590 Aut
425 539 543 591 nutare
561 523 684 610 solum,
703 540 760 593 aut
778 540 903 593 veteres
923 525 1122 596 descendere
1141 528 1258 614 silvas,

339 639 407 711 Ab!
424 644 535 712 miseri
553 642 673 712 vidisse
689 660 832 738 putent:
849 660 930 714 mne
946 671 1022 714 acre
1040 649 1185 716 novabat

338 768 513 859 Ingenium
531 792 539 833 :
557 765 638 833 falso
654 768 685 835 N
687 791 844 834 emeaeum
857 766 994 861 pulvere
1007 794 1161 862 campum

337 887 443 979 Erigit
462 911 470 953 ε
489 887 620 954 attoniti
641 887 849 955 tenebrosam
867 912 887 954 a
904 891 1028 959 vertice
1044 891 1164 958 nubem

338 1009 526 1099 Respexere
543 1005 645 1075 duces
667 1033 676 1074 t
695 1005 780 1076 falso
797 1006 942 1078 clamore
959 1008 1137 1079 tumultum

337 1131 459 1220 Auget,
475 1142 508 1195 et
528 1152 620 1195 arma
639 1129 765 1216 vimm,
783 1127 963 1222 pulsusque
979 1127 1129 1195 imitatur
1146 1153 1333 1218 equorum,

336 1247 599 1343 Terribilemque
618 1273 718 1344 vagas
734 1247 897 1317 ululatum
915 1245 1039 1340 spargit
1059 1246 1093 1311 in
1113 1269 1219 1313 auras.

383 1368 556 1438 Exsiluere
572 1370 693 1452 animi;
710 1367 915 1458 dubiumque
932 1367 968 1431 in
984 1387 1154 1433 murmure
1168 1364 1288 1458 vulgus

335 1488 462 1556 Pendet
477 1515 486 1555 :
500 1488 594 1554 «Ubi
610 1488 672 1553 istc
688 1485 812 1577 fragor,
834 1485 869 1550 ni
884 1481 1030 1553 fallimur
1049 1485 1147 1554 aure?
1164 1485 1220 1553 sed
1235 1486 1327 1554 unde

335 1606 495 1674 Pulvereo
514 1617 602 1672 stant
617 1616 706 1670 astra
721 1601 841 1695 globo?
859 1627 940 1670 num
956 1608 1120 1674 Ismenius
1138 1605 1227 1673 ultro

334 1723 454 1794 Miles?
471 1726 517 1791 ita
533 1736 601 1807 est3
621 1723 784 1790 veniunt:
805 1737 897 1791 tauta
918 1739 1029 1793 autem
1050 1724 1188 1793 audacia
1207 1726 1353 1794 Thebis?

332 1846 385 1912 An
404 1840 577 1910 dubitent?
593 1841 736 1935 agedum
755 1842 890 1913 inferias
909 1860 944 1913 et
961 1845 1059 1914 busta
1077 1843 1264 1913 colamus.»

382 1965 459 2030 Haec
478 1965 587 2031 Pavor
605 1965 778 2032 attonitis:
796 1967 971 2059 variosque
988 1990 1048 2059 per
1067 1967 1198 2059 agmina
1219 1964 1334 2034 vultus

331 2081 503 2170 lnduitur,
522 2108 612 2153 nunc
631 2086 743 2154 Pisaeis
760 2110 779 2154 e
795 2085 940 2154 millibus
958 2112 1060 2175 unus,

333 2204 432 2271 Nunc
447 2203 580 2299 Pylius,
597 2231 688 2275 nunc
701 2232 759 2274 ore
775 2211 907 2292 lacon,
923 2207 1098 2299 hostesque
1116 2208 1324 2300 propinquos

332 2324 490 2417 Adjurat‚
507 2341 698 2419 turmasque
714 2342 804 2395 metu
820 2341 1009 2394 consternat
1028 2329 1139 2395 inani:

333 2443 389 2514 Nil
408 2443 527 2513 falsum
542 2443 678 2537 trepidis
694 2471 702 2513 :
722 2459 760 2514 ut
772 2470 851 2513 vero
867 2448 1052 2516 amentibus
1071 2449 1140 2541 ipse

332 2565 472 2653 Incidit,
490 2580 524 2633 et
536 2589 637 2633 sacrae
657 2567 782 2634 circum
802 2565 932 2660 fastigia
954 2566 1047 2635 vallis

332 2688 481 2757 Turbine
500 2699 681 2780 praevectus
702 2685 838 2780 rapido,
862 2701 912 2755 ter
932 2686 1064 2757 sustulit
1080 2689 1228 2771 hastam,

332 2812 397 2878 Ter
415 2808 581 2891 concussit
601 2830 723 2899 equos,
741 2805 892 2900 clypeum
910 2824 960 2876 ter
975 2823 1109 2903 pectore
1130 2808 1270 2901 plausit;

333 2960 349 2994 a
360 2933 477 3013 Arma,
492 2951 600 3014 arma,
619 2927 727 2994 insani
741 2954 778 2993 :n
800 2954 860 2996 sua
874 2931 1029 3020 quisque,
1047 2930 1228 3021 ignotaque
1243 2929 1336 2998 nullo

333 3052 429 3118 More
444 3049 549 3142 rapit,
567 3061 700 3116 mutant
716 3044 843 3141 galeas,
865 3045 1036 3139 alienaque
1055 3064 1179 3138 cogunt

332 3169 384 3238 Ad
401 3170 482 3264 juga
501 3167 714 3264 cornipedes;
731 3167 820 3236 ferus
838 3170 928 3235 omni
947 3169 981 3235 in
1000 3184 1133 3262 pectore
1151 3171 1243 3238 saevit

332 3292 452 3360 Mortis
469 3315 574 3378 amor,
594 3290 773 3385 cadisque3
792 3287 876 3357 nihil
896 3289 1112 3383 flagrantibus
1131 3291 1250 3358 obstat.

332 3410 561 3502 Praecipitant,
579 3410 812 3504 redimuntque
831 3435 939 3477 moras
956 3413 1025 3478 :sic
1046 3409 1143 3479 litora
1163 3427 1263 3480 vento

213 3559 217 3568 ·
332 3530 515 3622 Incipiente
535 3527 696 3616 fremunt,
716 3530 843 3624 fugitur
862 3555 966 3623 quum
980 3547 1111 3623 portus,
1131 3532 1253 3625 ubique

332 3647 416 3718 Vela
434 3647 559 3736 lluunt,
579 3647 646 3717 laxi
660 3650 829 3742 jactantur
846 3651 970 3743 ubique
987 3650 1160 3739 rudentes;

331 3773 470 3862 Jamque
488 3784 605 3837 natant
624 3772 728 3857 remi,
745 3786 838 3839 natat
855 3772 962 3839 omnis
980 3773 1015 3838 in
1034 3797 1166 3865 aequore
1182 3800 1311 3845 summo

332 3893 480 3974 Ancora,
495 3889 565 3982 jam
585 3888 690 3958 dulcis
710 3890 809 3959 medii
826 3889 867 3959 de
884 3893 1014 3985 gurgite
1037 3898 1128 3986 ponti
1248 3934 1249 3938 =

332 4012 520 4105 Respicitur
540 4008 654 4097 tellus,
673 4014 874 4106 comitesque
892 4038 911 4081 a
929 4038 1042 4108 puppe
1062 4015 1177 4084 relicti.
