2812 5258
669 471 697 523 P.
719 469 838 524 PUBLII
859 469 978 523 sraru

795 926 852 1012 ΙΙ.

387 1213 534 1280 VILLA
558 1210 856 1279 SUBRENTINA
879 1208 1047 1276 POLLII
1070 1207 1270 1276 FELICIS.

367 1889 432 1954 Esa
450 1888 534 1953 inter
553 1898 648 1953 notos
669 1887 818 1954 Sirenum
840 1885 973 1951 nornine
992 1906 1121 1968 muros,

320 2005 467 2094 Saxaque
484 2004 660 2095 Tyrrhenae
677 2000 806 2094 templis
824 2016 960 2070 onerata
977 2002 1150 2086 Minervae,

321 2119 414 2189 Celsa
430 2121 599 2189 Dicarchei
621 2119 814 2215 speculatrix
835 2118 912 2186 villa
932 2117 1101 2210 profundi,

321 2238 396 2324 Qua
412 2240 543 2307 Bromio
564 2237 699 2306 dilectus
718 2262 809 2331 ager,
828 2235 989 2327 collesque
1009 2259 1067 2329 per
1084 2233 1168 2303 altos

321 2355 450 2438 Uritur,
470 2368 501 2421 et
520 2353 624 2445 praelis
641 2380 706 2421 uon
727 2354 850 2420 invidet
866 2378 929 2420 uva
948 2351 1102 2421 Falernis.

371 2474 510 2538 Hucine
528 2485 600 2562 post
618 2472 715 2562 patrii
734 2470 841 2537 laeturn
863 2472 1087 2564 quinquennia
1107 2469 1216 2553 lustri,

321 2590 436 2677 Quum
454 2589 558 2657 stadio
573 2588 642 2680 jam
662 2589 754 2681 pigra
772 2591 878 2681 quies,
893 2612 1057 2680 canusque
1077 2586 1204 2656 sederet

321 2704 453 2792 Pulvis,
471 2706 513 2775 ad
532 2706 721 2776 Ambracias
739 2731 896 2775 conversa
914 2704 1076 2801 gymnade
1094 2704 1248 2793 frondea,

322 2828 425 2893 Trans
439 2823 559 2917 gentile
574 2824 693 2892 fretum
712 2823 830 2917 placidi
850 2824 1002 2893 facundia
1019 2821 1103 2891 Polli
1159 2824 1162 2829 ’

322 2940 466 3027 Detulit,
487 2955 520 3010 et
535 2942 645 3012 nitidae
661 2942 816 3036 juvenilis
836 2946 939 3037 gratia
957 2941 1072 3028 Pollae,

322 3058 467 3128 Flectere
483 3061 552 3152 jam
569 3061 725 3153 cupidum
745 3087 889 3155 gressus,
909 3086 974 3153 qua
994 3059 1097 3129 limite
1116 3073 1195 3128 noto

323 3178 432 3270 Appia
452 3177 624 3273 longarum
644 3181 759 3247 teritur
779 3181 892 3273 regina
912 3181 1051 3246 viarum.
1189 3222 1192 3229 -

323 3295 387 3364 Sed
402 3298 517 3389 juvere
532 3323 640 3366 morae.
661 3297 793 3368 Placido
812 3297 925 3365 lunata
944 3322 1070 3366 recessu

323 3415 410 3482 Hinc
428 3428 526 3506 atque
545 3416 622 3484 hinc
641 3441 755 3484 curvas
775 3430 993 3509 perrumpunt
1011 3439 1142 3509 equora
1161 3438 1262 3506 rupes
1281 3440 1290 3482 ε

323 3534 390 3600 Dat
409 3534 536 3600 Natura
556 3531 679 3617 locum;
695 3536 864 3627 montique
880 3535 1057 3603 intervenit
1077 3533 1179 3601 udum

324 3650 432 3735 Litus,
452 3663 485 3717 et
505 3651 538 3716 in
555 3665 672 3735 terras,
688 3651 829 3745 scopulis
846 3653 1078 3745 pendentibus,
1096 3654 1172 3720 exit.

372 3769 487 3836 Gratia
503 3769 609 3860 prima
627 3768 704 3857 loci,
720 3772 850 3864 gemina
870 3771 1033 3839 testudine
1049 3771 1176 3838 firmant

325 3884 466 3972 Balnea,
486 3900 519 3954 et
537 3911 555 3954 e
575 3888 668 3954 terris
686 3890 830 3956 occurrit
846 3886 951 3956 dulcis
970 3912 1082 3957 amaro

325 4004 479 4099 Nympha
497 4006 581 4074 mari
600 4029 608 4072 ε
629 4003 708 4073 levis
726 4006 780 4075 hic
797 4007 916 4076 Phorci
937 4007 1074 4094 dorus,
1094 4003 1225 4097 udaque
1243 4008 1352 4076 crines
1371 4077 1381 4095 ,
