2812 5258
310 421 364 477 136
604 422 817 478 THEBAIDOS
837 422 948 479 LIBER
970 421 1050 475 Vlll.
1235 418 1266 478 l'·
1279 418 1348 481 595.)

306 544 462 614 Caedibus
481 541 627 613 imbelles
645 545 786 634 vitulos,
806 543 986 638 mollesque
1002 545 1159 636 juvencas

303 667 513 735 Transmittit
531 691 539 731 :
562 689 683 760 magno
701 665 796 734 luror
812 680 862 733 est
880 666 915 732 in
935 665 1096 759 sanguine
1113 664 1240 756 mergi,

304 789 376 858 Nec
394 788 455 854 nisi
476 789 643 881 regnantis
661 789 787 856 cervice
805 787 998 855 recumbere
1016 787 1111 853 tauri.

269 978 274 991 ¹
353 911 397 975 At
416 932 483 974 non
505 908 690 975 semianimi
709 904 855 998 clamore
873 909 1044 974 Menoecea
1062 904 1173 997 lapsus

305 1024 402 1095 Fallit
420 1030 500 1120 Atys
520 1053 528 1094 :
549 1028 719 1121 praevertit
736 1051 857 1120 equos,
877 1050 1044 1118 curruque
1064 1027 1164 1093 citato

304 1145 425 1216 Desilit
443 1173 451 1214 :
471 1147 616 1216 instabat
632 1147 736 1240 pubes
754 1151 891 1243 Tegeaea
907 1147 1048 1240 jacenti,

303 1268 374 1336 Nec
392 1268 574 1361 prohibent
591 1270 692 1362 Tyrii.
716 1268 891 1354 «Pudeat,
911 1267 1058 1336 Cadmca
1072 1267 1247 1358 juventus,

302 1390 500 1483 Terrigenas
519 1391 657 1458 mentita
675 1386 802 1484 patres!
824 1414 892 1481 quo
912 1387 1062 1474 tenditis,
1085 1387 1208 1480 inquit,

303 1509 514 1603 Degeneres?
530 1507 690 1577 meliusne
705 1511 793 1600 jacet
809 1534 870 1602 pro
887 1508 1047 1600 sanguine
1066 1522 1179 1575 nostro

303 1631 432 1722 Hospes
452 1629 558 1723 Atys?
576 1642 706 1697 tantum
726 1629 844 1722 hospes
865 1627 991 1715 adhuc,
1011 1642 1045 1695 et
1061 1628 1211 1722 conjugis
1232 1627 1321 1697 ultor

302 1747 422 1817 Infelix
438 1748 589 1819 nondum
608 1752 670 1819 iste
688 1774 753 1818 suae
771 1775 778 1816 ε
799 1774 860 1817 nos
876 1749 1018 1843 pignora
1036 1763 1127 1816 tanta

301 1869 499 1939 Prodimusl
511 1900 528 1934 »
547 1872 724 1964 insurgunt
738 1872 829 1964 justo
847 1868 976 1938 firmata
994 1869 1122 1962 pudere

302 1991 468 2085 Agmina,
484 1993 604 2084 cuique
619 2016 686 2060 suae
704 1990 830 2060 rediere
848 1993 883 2058 in
902 2004 1036 2084 pectora
1053 1966 1149 2059 curae.

351 2114 482 2181 Interea
502 2111 638 2181 thalami
658 2128 785 2182 secreta
802 2114 837 2180 in
855 2126 950 2205 parte
972 2137 1118 2197 sorores,

302 2234 366 2298 Par
385 2230 475 2299 aliud
496 2257 649 2317 morum,
671 2234 847 2323 miserique
867 2233 1002 2298 innoxia
1021 2229 1130 2324 proles
1218 2303 1221 2309 Δ

301 2349 506 2441 OEdipodae,
527 2352 635 2416 varias
656 2352 796 2417 miscent
814 2374 967 2417 sermone
985 2348 1145 2441 querelas.

299 2470 370 2536 Nec
390 2465 476 2534 mala
495 2491 568 2559 quae
582 2468 700 2559 juxta,
722 2465 780 2535 sed
800 2465 898 2560 longa
920 2468 961 2534 ab
980 2471 1110 2562 origine
1131 2466 1211 2551 fati,

299 2590 377 2654 Haec
396 2589 511 2655 matris
531 2586 650 2674 taedas,
670 2585 785 2656 oculos
802 2602 853 2656 ast
870 2586 927 2656 illa
946 2604 1119 2682 paternos,

298 2706 410 2777 Altera
426 2723 641 2804 regnantem,
662 2709 842 2805 profugum
860 2711 960 2804 gemit
976 2708 1079 2779 altera
1096 2711 1249 2796 fratrem,

300 2828 391 2897 Bella
411 2828 515 2897 ambae
531 2856 538 2897 :
556 2831 665 2924 gravis
683 2831 762 2898 hinc
782 2833 893 2900 miseri
910 2832 1077 2900 cunctatio
1095 2833 1190 2899 voti.'

299 2952 403 3020 Nutat
421 2966 563 3043 utreque
586 2953 706 3038 timor,
721 2977 896 3044 quemnam
916 2952 980 3019 hec
998 2955 1177 3020 certamine
1196 2956 1339 3036 victum,

299 3072 409 3158 Quem
428 3074 542 3140 vicisse
560 3071 665 3139 velint
683 3099 690 3140 :
711 3073 808 3140 tacite
827 3071 1057 3165 preponderat
1074 3073 1177 3140 exsul.

348 3193 402 3259 Sic
422 3191 613 3260 Pandioniae
635 3206 789 3284 repetunt
809 3191 864 3257 ubi
883 3189 947 3258 lida
968 3191 1121 3261 volucres

299 3294 592 3405 Hospitia,⁸atque
611 3311 712 3381 larem
732 3312 850 3379 bruma
868 3311 1021 3405 pulsante
1040 3313 1209 3394 relictum,

298 3434 461 3523 Stantque
481 3457 580 3525 super
598 3432 709 3519 nidos,
732 3433 916 3525 veterisque
936 3434 1071 3502 exordia
1092 3435 1149 3503 fati

217 3530 225 3537 .
298 3556 467 3620 Enarrant
482 3553 594 3638 tectis,
615 3567 648 3619 et
666 3568 821 3619 truncum
842 3577 879 3622 ac
897 3552 1004 3621 flebile
1023 3581 1175 3624 murmur

297 3672 411 3741 Verba
427 3685 564 3764 putant,
582 3696 711 3764 voxque
726 3669 785 3739 illa
805 3688 915 3741 tamen
936 3698 1003 3741 non
1021 3674 1154 3745 dissona
1171 3678 1289 3745 verbis.

348 3796 457 3883 Atque
477 3791 523 3858 ibi
538 3807 613 3885 post
627 3790 807 3884 lacrymas,
824 3808 857 3860 et
874 3791 975 3887 longa
993 3793 1121 3865 silentia
1140 3823 1254 3865 rursus

298 3915 437 3983 Inchoat
454 3916 583 3983 Ismene
601 3939 609 3981 :
628 3914 818 4001 «Quisnam
836 3915 891 3981 hic
911 3916 1105 3984 mortalibus
1124 3919 1235 3987 error?

300 4039 383 4123 Quae
402 4035 539 4104 decanta
559 4033 661 4104 fides?
679 4059 793 4104 curam
813 4034 985 4130 invigilare
1008 4039 1128 4130 quieti,
