2812 5258
336 414 391 467 noll
645 408 854 463 Tutoamos
872 406 982 462 LIBER
1002 407 1041 461 ΙΙ.
1249 403 1289 469 (ν.
1299 406 1372 468 ω.)

338 538 454 626 Longa
471 533 542 601 sitis
557 531 718 619 latebras,
736 546 886 623 totosque
904 532 1027 624 agitata
1042 551 1102 621 per
1120 541 1230 615 artus,

339 654 508 719 Convocat
524 652 557 718 in
576 650 684 718 lauces
704 665 737 717 et
757 673 911 741 squamea
928 646 1012 716 colla
1029 670 1211 715 venenum:

385 772 548 864 «Cognita
566 770 592 837 si
607 768 714 838 dubiis
730 768 839 836 fratris
855 769 936 835 mihi
950 768 1060 860 jurgia
1079 766 1179 860 signis

335 896 422 961 Ante
439 890 561 975 forent,
581 913 640 957 nec
661 887 747 956 clara
765 889 916 956 odiorum
931 912 1050 955 arcana
1069 899 1235 980 paterent,

340 1008 513 1078 Sufficeret
531 1006 582 1076 vel
600 1007 667 1075 sola
686 1006 785 1093 fides,
802 1032 866 1099 qua
883 1021 1010 1093 torvus,
1027 1022 1060 1074 et
1076 1003 1169 1074 illum

338 1131 452 1196 Mente
471 1151 604 1221 gerens,
622 1151 681 1193 ceu
700 1140 792 1218 septa
809 1150 912 1193 novus
928 1128 995 1218 jam
1015 1126 1133 1192 moenia
1152 1122 1242 1194 laxet

336 1249 466 1333 Fossor,
486 1260 519 1314 et
536 1243 668 1313 hostiles
685 1245 854 1312 inimicent
872 1243 1003 1313 classica
1019 1258 1160 1328 turmas,

337 1365 489 1433 Praesuris
506 1389 514 1431 ε
534 1364 566 1430 in
585 1363 708 1431 medios
725 1364 752 1430 si
768 1364 918 1429 cominus
936 1386 1009 1429 orsa
1028 1359 1155 1430 tulisses

338 1486 504 1570 Bistonas,
521 1497 579 1550 aut
596 1482 710 1575 refugo
731 1480 888 1573 pallentes
904 1481 971 1549 sole
989 1480 1151 1569 Gelonos,

337 1604 471 1672 Parcior
488 1601 647 1692 alloquio,
665 1616 697 1669 et
711 1600 809 1668 medii
828 1602 1028 1669 reverentior
1044 1602 1130 1693 equi

337 1722 500 1814 Inciperes
516 1744 523 1785 :
541 1743 648 1810 neque
664 1734 696 1787 te
714 1718 900 1787 furibundae
914 1720 1050 1787 crimine
1064 1718 1185 1788 mentis

337 1839 527 1933 Arguerim,
543 1836 696 1905 mandata
713 1836 814 1905 refers
829 1863 837 1904 ε
855 1862 961 1925 nunc,
978 1839 1090 1906 omnia
1108 1838 1245 1932 wando

339 1955 438 2026 Plena
458 1957 570 2043 minis,
586 1979 647 2023 nec
668 1969 795 2049 sceptra
811 1954 891 2043 fide,
908 1981 968 2024 nec
985 1980 1065 2049 pace
1086 1972 1258 2051 sequestra

337 2077 486 2161 Poscitis,
503 2089 538 2143 et
553 2073 671 2167 capulo
691 2076 826 2167 propior
844 2098 976 2164 manus;
994 2075 1062 2143 baec
1081 2100 1154 2145 mea
1171 2078 1243 2173 regi

339 2192 510 2288 Argolico,
529 2193 677 2262 nondum
697 2218 790 2287 aequa
807 2195 886 2279 tuis,
903 2195 973 2262 vice
989 2194 1076 2263 dicta
1091 2210 1249 2289 reporta:

386 2315 498 2401 «Quae
514 2337 584 2380 sors
598 2314 687 2404 justa
707 2313 803 2397 mihi,
818 2337 891 2404 quae
906 2336 973 2380 non
989 2313 1153 2384 indebitus
1168 2316 1267 2387 anuis

339 2432 474 2523 Sceptra
491 2427 609 2496 dicavit
626 2429 751 2515 honos,
770 2445 882 2516 teneo,
897 2429 1099 2527 longumque
1114 2436 1246 2505 tenebo.

340 2552 387 2617 Te
406 2572 505 2643 penes
518 2547 658 2615 Inachiae
674 2546 791 2616 dotalis
808 2551 897 2642 regia
915 2550 1002 2620 dono

338 2668 508 2761 Conjugis,
524 2681 557 2735 et
573 2669 693 2735 Danaae
710 2666 804 2760 (quid
821 2669 908 2736 enim
922 2672 1100 2763 majoribus
1115 2676 1200 2743 actis

337 2785 545 2881 Invideaml)
565 2784 775 2856 cumulentur
794 2811 897 2880 opes:
913 2788 1061 2859 felicibus
1078 2796 1187 2885 Argos

337 2908 513 3000 Auspiciis,
530 2909 736 2998 Lernamque
752 2930 846 3000 regas
862 2934 870 2975 ε
886 2933 945 2976 nos
963 2909 1098 2979 horrida
1113 2911 1234 2981 Dim

337 3029 478 3112 Pascua,
496 3039 530 3093 et
546 3025 698 3093 Euboicis
718 3040 858 3095 arctatus
875 3027 1027 3098 fluctibus
1043 3054 1133 3117 oras,

338 3146 416 3213 Non
436 3144 597 3238 indignati
612 3145 769 3213 miserum
788 3146 906 3214 dixisse
927 3164 1096 3240 parentem

338 3260 535 3353 OEdipoden
555 3289 562 3331 :
580 3265 639 3331 tibi
658 3261 749 3357 larga
765 3263 915 3357 (Pelops,
932 3281 965 3333 et
982 3265 1139 3337 Tantalus
1154 3272 1297 3369 auctor)

338 3376 518 3466 Nobilitas,
539 3383 737 3473 propiorque
755 3381 835 3450 lluat
854 3382 894 3450 de
911 3385 1069 3477 sauguine
1081 3386 1202 3476 juncto

337 3498 488 3591 luppiter
507 3523 514 3564 ε
533 3522 617 3565 anne
636 3498 717 3567 feret
737 3499 818 3567 luxu
836 3516 990 3568 consueta
1010 3518 1146 3597 paterno

337 3620 434 3685 Hunc
452 3617 563 3709 regina
581 3615 700 3683 larem?
718 3631 836 3683 nostrae
854 3620 906 3684 cui
921 3621 995 3710 jure
1015 3647 1143 3691 sorores

338 3737 443 3804 Anxia
460 3757 558 3827 pensa
577 3732 726 3815 tralrant3
746 3732 846 3828 longo
866 3761 963 3827 quam
983 3740 1114 3811 sordida
1129 3740 1228 3814 luctu

338 3855 455 3936 Mater,
471 3866 503 3919 et
523 3876 563 3919 ex
578 3852 651 3917 imis
666 3850 796 3919 auditus
813 3851 896 3921 forte
913 3859 1054 3929 tenebris

337 3969 491 4040 Offendat
508 3993 600 4037 socer
618 3968 670 4037 ille
686 3994 791 4038 senex.
819 4003 835 4035 α
850 3976 921 4042 Janr
941 3993 1073 4069 pectora
1088 3978 1182 4072 vulgi
