2812 5258
328 480 382 536 302
692 476 987 533 Anrtoifflottts

363 596 450 667 Seque
462 595 525 667 ipse
537 592 667 647 recedens
677 591 783 647 Ciruuit
798 589 835 666 (v.
849 591 906 647 Soa
921 589 984 667 eq).
998 592 1105 667 Magno
1118 592 1275 651 verbnm
1288 613 1365 653 tecu-

324 686 399 743 mine
410 685 502 759 pingit
519 683 647 759 Tydeum
662 702 720 740 aeae
736 683 767 738 in
783 702 886 759 gyrum
903 694 1072 755 vertentem,
1085 684 1154 741 dum
1172 686 1270 745 ham
1286 688 1319 745 in
1331 708 1365 747 ee

323 779 410 850 jactae
424 777 516 833 evitat
530 775 672 849 Explicuit
685 777 776 832 Gloss.

363 870 453 925 Pinea
465 868 602 923 nodosa...
616 867 717 923 robora
730 870 811 922 clava
829 864 867 943 (v.
884 862 962 941 619).
981 866 1050 923 Veri
1062 866 1190 925 eirniliter
1205 869 1364 927 melent

326 961 464 1017 «nodosae
481 961 594 1015 clave.»

362 1053 528 1127 Singultihus
546 1060 655 1105 aretum
671 1050 815 1105 Exhaurit
829 1049 947 1105 thoraca
962 1050 1046 1105 dolor
1057 1048 1095 1125 (v.
1116 1050 1173 1108 633
1187 1050 1247 1129 aq.)
1269 1056 1362 1111 lleete

325 1146 461 1201 Weberui
475 1144 605 1199 observat
619 1143 734 1197 thoraca
748 1142 793 1197 hic
807 1142 843 1198 de
855 1151 971 1215 pectore
984 1142 1143 1216 accipinon
1156 1162 1259 1217 poree,
1275 1158 1309 1203 ut
1322 1148 1362 1204 ah

325 1236 445 1310 interpp.
461 1237 578 1305 lactum,
593 1234 643 1290 sed
659 1234 695 1290 dc
709 1234 797 1290 lorica
815 1234 933 1303 debere,
948 1258 961 1283 ιι
976 1252 1140 1307 quanquam
1159 1254 1192 1291 ea
1205 1238 1361 1311 rumpitur,

325 1346 384 1382 non
407 1327 601 1383 exhauritur.»
621 1325 651 1381 Si
667 1325 751 1381 lectio
772 1342 851 1393 sana,
866 1322 946 1379 verbi
959 1324 1090 1380 euhoun't
1108 1326 1163 1383 alia
1179 1326 1246 1383 iniri
1263 1331 1361 1404 expli.

293 1494 297 1502 ·
326 1418 399 1474 catio
419 1438 479 1473 non
501 1428 607 1491 potest,
621 1435 653 1472 ac
671 1417 811 1490 pulsando
829 1414 1046 1489 exercendoque
1068 1418 1164 1488 lauat,
1184 1418 1295 1495 fatigat.
1315 1422 1360 1479 Cf.

325 1528 401 1579 vm,
421 1508 477 1565 388
491 1528 498 1562 :
514 1531 529 1559 α
542 1508 659 1564 Animus
675 1508 749 1562 ultra
762 1508 890 1563 thoracas
906 1507 1057 1563 anhelus.»

365 1607 404 1656 At
417 1602 463 1655 cui
472 1602 535 1654 uita
541 1598 682 1675 recens(v.
697 1598 774 1675 640).
785 1599 985 1655 Valckenarius
997 1598 1035 1654 ad
1048 1600 1116 1655 Eur.
1122 1598 1238 1669 Pliten„
1257 1600 1334 1668 1451
1349 1625 1359 1659 τ

325 1718 336 1741 α
356 1698 392 1746 At
407 1692 452 1746 cui
466 1695 559 1765 plaga
572 1710 677 1748 recens.
686 1716 699 1741 »

367 1785 443 1855 Quid
455 1784 562 1839 timuloe
575 1785 695 1857 sequeris
711 1779 781 1858 (hoc
795 1782 896 1839 ordine
912 1800 1010 1839 omnes
1023 1800 1105 1855 pene
1116 1782 1200 1839 codd.
1216 1794 1248 1841 et
1265 1786 1361 1865 Laut.)

325 1876 492 1949 compendia
512 1877 602 1931 uitae?
615 1872 652 1952 (v.
672 1873 750 1950 658.)
764 1874 933 1947 Simpliciter
949 1874 994 1930 hic
1013 1874 1182 1946 compendio
1199 1892 1257 1949 pro
1277 1878 1364 1937 lucro

326 1966 440 2022 dictum.
464 1967 618 2023 «iucunde
633 1967 794 2022 consolatur
812 1977 840 2021 et
857 1977 950 2022 terret.
971 1968 1102 2039 Namque
1118 1966 1177 2021 hoc
1192 1968 1363 2043 pollicetur,

324 2060 446 2128 nullum,
465 2059 489 2114 si
508 2059 544 2115 ad
561 2060 634 2115 bella
657 2058 802 2129 venerint,
820 2077 968 2114 evasurum
987 2056 1038 2135 (ita
1051 2056 1114 2113 cod.
1132 2056 1241 2133 Porio..)
1256 2064 1292 2119 ln
1307 2063 1363 2119 hac

324 2160 418 2204 autem
436 2161 515 2223 parte
530 2148 574 2225 (in
590 2151 662 2206 hanc
684 2146 827 2226 partomi)
843 2150 866 2205 oi
884 2149 1058 2219 consideres,
1075 2147 1225 2221 provisum
1244 2152 1299 2209 tihi
1320 2164 1362 2209 ert

324 2240 405 2312 quod
416 2260 493 2296 nunc
506 2242 623 2298 moreris
636 2238 686 2319 (sie
708 2237 798 2317 cod),
817 2258 854 2296 ne
873 2240 997 2316 graviori
1014 2240 1156 2315 tupplido
1171 2244 1332 2301 meir
1346 2270 1359 2295 ι

325 2332 428 2401 Leon,
443 2333 493 2407 qui
506 2334 572 2408 legit
586 2333 648 2389 adv.
663 2333 767 2387 timide.

366 2424 500 2497 Clypeum
517 2443 568 2478 nee
580 2425 695 2478 sustinet
714 2423 794 2478 umbo
812 2424 952 2479 Mutatum
968 2423 1068 2497 spoliis
1081 2422 1120 2499 (v.
1137 2422 1193 2495 671
1209 2422 1265 2503 oq.)
1281 2428 1355 2483 Male

325 2516 405 2571 umbo
418 2515 558 2588 explicant
572 2516 719 2585 humerus,
734 2514 883 2571 brachium
904 2525 953 2571 aut
969 2534 1083 2585 manua,
1101 2515 1170 2591 quin
1186 2516 1224 2573 de
1241 2534 1354 2591 quaque

323 2607 512 2683 prominentia
528 2606 645 2663 dicatur.
661 2610 694 2662 ln
707 2608 861 2663 umbonem
875 2618 980 2663 coeunt
988 2607 1096 2663 lamine
1109 2606 1214 2684 clypei,
1227 2626 1317 2683 quare
1330 2610 1358 2667 ia

324 2711 401 2757 recte
418 2700 523 2756 dicimr
543 2701 678 2755 susuleere
695 2702 841 2774 clypeum
855 2703 950 2774 spolio
969 2711 1064 2756 autem
1079 2702 1221 2775 appellere
1239 2700 1359 2759 ridetur

324 2793 416 2848 hastas
429 2793 553 2848 hostium
572 2794 671 2867 clypeo
690 2791 798 2848 infixae.
812 2792 955 2848 Sententia
967 2791 1053 2868 igitur
1071 2792 1132 2849 hoee
1143 2802 1188 2849 ext
1201 2812 1210 2849 t
1227 2794 1292 2851 Jttm
1305 2794 1361 2851 de-

325 2884 455 2957 fatigatus
467 2886 549 2941 tarde
562 2885 760 2959 progreditur,
773 2885 854 2941 tarde
868 2885 946 2953 ierit,
959 2902 1054 2957 neque
1066 2885 1187 2959 amplius
1199 2886 1266 2942 mni
1276 2897 1321 2944 eet
1332 2888 1360 2943 ei

325 2975 439 3049 clypeus
454 2994 660 3050 usquequaque
678 2976 840 3049 perforatur
853 2987 881 3032 et
893 2974 996 3031 lanceis
1011 2974 1136 3033 advert‘u
1149 2986 1283 3034 onustus.
1295 2980 1358 3035 tte-

325 3068 378 3123 lius
402 3079 476 3124 certe
495 3069 552 3124 hoc
574 3086 661 3142 quam
680 3078 789 3125 veteres
809 3067 1025 3142 explicationes,
1044 3084 1167 3142 quarum
1186 3070 1265 3127 nulla
1288 3088 1359 3145 pro-

325 3158 409 3215 cedit.

365 3253 510 3325 Multaque
522 3253 614 3325 opru's
628 3252 750 3325 caligine
759 3254 874 3324 plenum
887 3248 924 3327 (v.
939 3248 1016 3326 685).
1033 3250 1090 3307 «ld
1101 3260 1145 3307 eat
1160 3252 1251 3309 nimia
1267 3252 1360 3310 felici-

325 3353 381 3398 tate
400 3344 499 3398 mentis
514 3354 693 3399 occoecatum.
710 3344 836 3419 Calrgr'ere
849 3344 937 3415 dixit,
951 3342 1018 3418 quia
1032 3362 1092 3399 nou
1104 3344 1305 3419 prospiciebat
1314 3346 1359 3403 lu-

325 3444 388 3489 tura
406 3433 560 3506 pericula.»
574 3437 661 3490 Lacr.

369 3526 432 3580 Vita
445 3526 507 3580 mu.
524 3527 605 3579 inerti
618 3528 777 3581 Domnotur
788 3524 825 3603 (v.
839 3523 917 3603 695).
932 3527 1007 3583 Bene
1019 3524 1114 3581 Barth.
1130 3536 1159 3582 et
1173 3528 1360 3587 Burmme

325 3616 399 3688 conj.
411 3636 417 3670 :
431 3618 506 3672 vitoe.

365 3708 521 3779 Etfmctns
535 3707 662 3761 membris
676 3726 719 3782 sp.
736 3708 835 3764 hastas
848 3706 887 3785 (v.
905 3705 982 3785 7¹²)·
996 3711 1068 3763 Dan.
1080 3706 1265 3767 Heinaiuud
1275 3712 1358 3769 (ln-

325 3800 398 3855 (lian.
410 3801 491 3874 liupr.
504 3799 598 3865 Proe,
615 3818 669 3869 ιιι,
688 3798 757 3869 345,
771 3820 806 3857 ex
819 3802 898 3856 Mss.
913 3820 920 3855 ε
933 3810 1122 3869 «ettractua»,
1134 3818 1195 3873 pro
1208 3812 1359 3873 utram,

325 3891 405 3966 quod
419 3891 604 3948 necessarium
623 3901 672 3947 eat.
690 3895 825 3949 Probavit
838 3893 921 3949 etiam
933 3892 1051 3962 Marii,
1066 3902 1097 3947 et
1114 3892 1154 3947 ita
1168 3894 1243 3971 Reg.
1263 3914 1287 3951 a.

363 3986 533 4040 &ementem
549 3984 586 4061 (v.
604 3982 681 4061 723).
697 3987 864 4059 «Equorum
882 3982 1113 4041 exhortatione..
1127 3984 1233 4043 Gru.

365 4078 431 4133 Meo
444 4077 564 4153 quaesita
579 4077 671 4131 revexi
684 4077 825 4149 Sanguine
837 4073 875 4152 (v.
886 4072 963 4153 734).
976 4074 1096 4151 Egregie
1102 4074 1150 4131 hic
1164 4094 1204 4133 ex
1216 4088 1281 4153 opt.
1299 4078 1362 4135 eod.
