2812 5258
218 416 279 475 ²5⁰
522 417 731 473 smarnos
751 417 859 474 inm
879 418 947 473 xn.
1135 422 1257 489 (esest)

215 541 382 636 stelligeri
395 543 498 635 jubar
514 566 613 608 omne
632 541 701 635 poli
718 568 727 609 :
742 544 813 634 jam
830 547 983 611 cominus
1002 547 1079 636 ipse

216 662 342 731 Pabula
356 663 428 731 dira
444 663 537 744 lert,
552 687 773 756 campumque
786 664 889 732 odere
902 663 1055 732 volucres

215 784 403 876 spirantem
420 783 515 867 nto,
529 797 564 850 et
579 781 718 868 coelum,
736 799 920 876 ventosque
935 801 1142 877 gravantem.

214 903 386 991 Quantum
402 903 525 971 etenim
540 927 711 996 superesse
725 904 822 972 rear?
837 903 928 972 nuda
941 930 1033 989 ossa,
1050 923 1255 1004 putremque

214 1024 321 1090 Urere
337 1023 509 1115 permittat
525 1024 653 1091 saniem
667 1050 676 1089 τ
694 1039 889 1117 properate,
908 1025 1044 1094 vec-endi

212 1141 431 1236 Cecropidae:
451 1167 511 1211 vos
528 1145 591 1211 ista
608 1141 706 1211 decet
726 1142 887 1230 vindicta,
904 1147 1098 1238 primquam

212 1262 376 1346 Emathii,
391 1262 603 1356 Thraoesque
614 1261 747 1348 dolent,
763 1288 905 1356 qumque
920 1280 1025 1332 exstat
1042 1267 1168 1360 ubique

211 1385 302 1452 Gens
318 1408 435 1451 arsura
453 1385 557 1476 rogis,
572 1407 753 1476 manuque
770 1384 926 1452 lubitum
942 1409 1125 1480 supremos.

210 1503 298 1571 Nam
316 1505 391 1596 quis
406 1505 468 1572 erit
485 1505 601 1572 saevire
619 1503 760 1571 modus?
778 1503 999 1573 bellavimus:
1014 1522 1104 1584 θεῖος

210 1622 277 1692 Sed
291 1622 441 1692 cocidere
454 1622 550 1708 odia,
567 1638 601 1691 et
620 1625 729 1693 tristes
746 1649 835 1692 mors
852 1625 968 1693 obruit
984 1628 1059 1694 iras

210 1745 262 1811 Tu
280 1766 433 1835 quoque,
448 1757 487 1811 ut
505 1744 656 1837 egregios
671 1741 761 1812 fama
777 1746 996 1837 cognovimus
1012 1762 1126 1831 actus,

210 1864 287 1931 Non
306 1863 456 1933 trucibus
472 1864 629 1932 monstris
643 1864 739 1932 Sinin
756 1862 997 1959 infandumque
1013 1866 1132 1935 dedisti

209 1985 398 2076 Cercyona,
413 1999 447 2052 et
463 2009 589 2052 saevum
606 1982 708 2053 velles
725 1987 875 2078 Scymua
892 2001 1085 2054 mentatum.

209 2102 319 2171 Credo
336 2118 370 2171 et
388 2106 579 2174 Amazoniis
593 2105 722 2173 Tanain
738 2104 881 2174 fumasse
896 2104 1073 2199 sepulcris,

208 2221 308 2291 Unde
322 2223 392 2292 hnc
404 2248 499 2292 arma
513 2224 636 2293 refers:
649 2224 709 2293 sed
724 2241 760 2293 et
769 2225 861 2294 hunc
872 2225 1012 2319 dignare
1025 2227 1248 2321 triumphum.

207 2346 261 2411 Da
278 2344 375 2410 terris
391 2368 513 2429 unum,
530 2340 695 2433 mleque,
708 2344 885 2434 Ereboque
900 2345 1073 2414 laborem:

207 2463 242 2529 Si
259 2463 406 2555 patrium
424 2461 625 2529 Marathona
644 2474 753 2547 metu,
771 2461 799 2530 si
819 2477 907 2530 tecta
923 2461 1037 2531 levasti

206 2582 356 2668 Cressia,
374 2605 436 2650 nec
453 2579 540 2649 fudit
555 2604 659 2649 vanos
677 2605 762 2650 anns
779 2581 913 2676 hospita
927 2581 1036 2651 fletus

207 2703 264 2771 Sic
281 2702 342 2770 tibi
359 2726 429 2770 non
445 2698 523 2770 ulla
542 2703 631 2770 socia
650 2701 874 2772 sinePallade
891 2727 1030 2798 pirgum,

207 2826 279 2893 Nec
293 2847 386 2891 sacer
402 2822 548 2892 invideat
565 2823 704 2918 paribus
719 2825 915 2917 Tirynthius
930 2826 1033 2909 actis,

208 2947 344 3036 Semper
360 2944 446 3012 etin
463 2968 583 3031 ocimu,
601 2968 732 3038 semper
748 2960 781 3013 te
797 2957 903 3011 mater
917 2961 1073 3014 ovantem

206 3065 346 3147 Cernat,
363 3077 397 3130 et
415 3065 546 3132 invictae
561 3062 608 3132 nil
627 3062 690 3132 talc
706 3077 886 3156 precentur
902 3065 1048 3133 Athenae.
1064 3097 1080 3128 s

253 3185 416 3250 Dixerat:
434 3185 603 3276 excipiunt
621 3196 765 3265 cuncte,
784 3182 993 3278 tenduntque
1011 3202 1184 3280 precantes

204 3302 291 3367 Cum
310 3300 457 3368 clamore
473 3326 592 3370 manus
609 3328 617 3369 :
634 3300 748 3368 rubuit
767 3302 957 3397 Neptunius
975 3307 1072 3374 heros

204 3421 376 3489 Permotus
394 3421 572 3515 lacrymis:
586 3423 679 3513 justa
695 3446 774 3492 mox
792 3428 943 3494 concitus
960 3429 1008 3495 ira

201 3538 374 3609 Exclamat
391 3566 399 3608 :
415 3571 434 3607 ι
446 3543 609 3630 Quaemm
627 3544 693 3611 ista
708 3567 813 3613 novos
832 3545 966 3614 induxit
985 3549 1129 3641 Erinnys

201 3662 397 3753 Regnorum
415 3660 546 3729 mores?
557 3686 635 3731 non
651 3664 721 3733 lucc
740 3688 803 3758 ego
822 3681 957 3758 pectora
976 3667 1058 3760 liqui

202 3780 383 3850 Graiorum
401 3779 598 3869 abscedens,
612 3784 781 3877 Scythiam
798 3801 1006 3881 pontumque
1024 3787 1168 3857 nivalem

201 3901 315 3989 Quum
335 3916 506 3994 peterem:
524 3929 632 3972 novus
650 3905 739 3975 unde
760 3904 872 3975 furor?
888 3912 1056 3978 victumne
1072 3912 1194 4003 putasti

201 4022 343 4112 Thesea,
364 4021 435 4092 dire
452 4025 587 4097 Creon?
602 4026 742 4096 adsum:
761 4055 822 4098 nec
840 4033 1001 4124 sanguine
1020 4030 1142 4100 fessum
