2812 5258
92 464 205 526 (ως.)
392 459 599 514 THEBAIDOS
620 459 729 513 LIBER
749 459 813 512 xn.

94 589 156 654 Per
172 586 288 653 fluvios
305 607 416 651 secura
439 584 529 668 vadi,
550 606 748 673 somnosque
768 580 899 649 ferarun

93 707 226 787 Praeter,
245 718 277 771 et
293 701 464 770 horrendis
484 704 606 769 insessa
626 699 747 769 cubilia
766 701 929 768 monstris.

93 827 236 891 Tantum
255 823 375 908 animi,
393 821 567 912 luctusque
583 818 707 889 valent!
730 819 833 914 pudet
855 821 901 886 ire
919 822 1088 886 Menoeten

92 941 255 1026 Tardius,
275 940 489 1034 invalidaeque
508 940 646 1034 gradum
665 942 802 1007 miratur
818 938 968 1006 alumnae.

92 1063 184 1150 Quas
199 1086 265 1129 nou
280 1059 336 1129 illa
348 1061 464 1128 domos
481 1083 705 1153 pecorumque
717 1059 957 1149 hominumque
973 1057 1121 1125 modesto

92 1178 237 1248 Pulsavit
256 1178 400 1274 gemitu?
415 1180 543 1269 quoties
561 1180 700 1246 amissus
718 1180 808 1245 eunti

93 1300 218 1383 Limes,
236 1314 268 1365 et
288 1313 452 1366 errantem
469 1300 604 1366 comites
622 1296 737 1366 solatio
754 1297 892 1366 llammae

92 1420 303 1504 Destituunt,
321 1415 499 1512 gelidaeque
520 1418 621 1485 facem
641 1419 749 1485 vicere
769 1417 937 1486 tenebrae?

92 1539 230 1630 Jamque
251 1538 449 1631 supigantur
468 1538 575 1625 fessis,
596 1537 726 1629 lateque
743 1538 899 1607 fatiscunt

94 1656 231 1724 Penthei
249 1656 371 1724 devexa
386 1659 475 1750 jugi,
494 1682 597 1749 quum
617 1673 749 1750 pectore
763 1657 882 1726 anhelo

93 1777 165 1843 Jam
181 1801 284 1869 prope
301 1776 470 1862 deficiens,
488 1777 535 1845 sie
556 1778 690 1845 inchoat
706 1802 780 1846 orsa
798 1780 959 1846 Menoetes
979 1804 986 1844 :

141 1896 269 1965 «Haud
289 1895 421 1988 procul,
442 1897 547 1963 exacti
566 1898 593 1963 si
611 1921 685 1989 spes
705 1921 770 1963 nou
789 1895 912 1964 blanda
932 1896 1073 1983 laboris,

94 2017 256 2108 Ogygias,
276 2015 393 2106 Argia,
412 2012 546 2100 domos,
566 2027 599 2080 et
617 2037 718 2106 egena
736 2012 876 2105 sepulcri

94 2137 195 2200 Busta
208 2133 316 2224 jacere
332 2156 408 2200 reor
426 2158 433 2196 :
453 2154 552 2224 grave
568 2134 718 2199 cominus
737 2147 851 2199 aestuat
871 2156 926 2200 aer

93 2250 268 2335 Sordidus,
287 2265 319 2318 et
336 2275 462 2345 magnae
476 2251 614 2319 redeunt
634 2276 693 2345 per
712 2253 808 2320 inane
827 2250 986 2320 volucres.

94 2375 171 2439 llaec
191 2369 246 2438 illa
267 2385 317 2438 est
333 2369 475 2439 crudelis
492 2372 631 2457 humus;
653 2396 713 2439 nec
732 2373 852 2439 moenia
868 2370 976 2467 longe.

94 2492 225 2574 Cernis,
244 2505 281 2559 ut
299 2493 447 2584 ingentes
467 2515 639 2559 murorum
658 2493 804 2585 porrigat
820 2492 953 2560 umbras

95 2615 253 2705 Campus,
271 2626 303 2678 et
320 2636 338 2678 e
358 2610 498 2703 speculis
515 2613 659 2678 moriens
676 2612 859 2680 intermicet
877 2611 984 2707 ignis?

95 2733 220 2798 Moenia
239 2746 315 2799 suut
330 2732 426 2821 juxta
447 2757 454 2797 :
473 2728 572 2798 modo
592 2755 656 2797 nox
677 2732 781 2823 magis
801 2732 870 2823 ipsa
887 2732 1030 2817 tacebat,

96 2849 238 2943 Solaque
256 2852 424 2942 nigrantes
441 2847 597 2917 laxabant
612 2864 698 2918 astra
717 2849 877 2916 tenebras.
896 2879 911 2912 e

95 2972 232 3040 Horruit
251 2973 367 3064 Argia,
385 2970 600 3063 dextramque
618 2968 659 3037 ad
677 2970 796 3037 moenia
814 2969 951 3038 tendens
971 2997 978 3037 :

143 3091 259 3159 «Urbs
275 3105 387 3183 optata
407 3092 516 3184 prius,
535 3115 624 3159 nuno
642 3105 726 3159 tecta
744 3089 877 3158 hostilia
890 3090 1027 3175 Thebae,

95 3215 137 3279 Et
156 3227 265 3279 tamen
286 3209 402 3278 illaesas
420 3211 447 3279 si
468 3210 579 3279 reddis
597 3212 747 3306 conjugis
769 3211 918 3298 umbras,

95 3332 148 3399 Sic
166 3356 298 3424 quoque
314 3329 409 3398 dulce
430 3327 555 3412 solum;
573 3333 696 3418 cernis,
714 3356 780 3424 quo
798 3329 936 3424 praeditu
953 3327 1060 3412 cultu,

95 3451 172 3536 Qua
190 3453 309 3544 stipata
330 3474 449 3534 manu,
465 3452 560 3543 juxta
580 3465 637 3519 tua
654 3453 775 3519 moenia
793 3452 940 3544 primum

96 3567 282 3660 OEdipodis
301 3573 412 3665 magni
434 3572 531 3640 venio
547 3571 671 3683 nurup?
687 3570 835 3663 improba
851 3595 918 3640 uon
938 3584 1015 3637 sunt

95 3687 183 3753 Vota
204 3713 210 3752 :
229 3712 326 3781 rogos
347 3691 483 3784 hospes,
502 3688 754 3784 planctumque,
770 3705 803 3759 et
817 3689 932 3757 funera
949 3713 1061 3782 posco.

95 3803 209 3889 Illum,
229 3831 304 3891 oro,
322 3824 487 3877 extorrem
506 3810 615 3903 regni,
633 3807 785 3902 belloque
804 3810 972 3903 fugatum,

94 3923 209 4011 lllum,
231 3950 330 4018 quem
351 3925 433 3994 solio
450 3952 517 3994 nou
532 3951 566 3996 es
581 3927 716 4022 dignata
736 3944 891 4022 paterno,

94 4044 207 4113 Redde
225 4045 305 4112 mihi
326 4071 333 4112 :
355 4060 473 4138 tuque,
493 4071 571 4134 oro,
588 4051 678 4135 veni,
693 4049 720 4115 si
740 4048 894 4113 Manibus
915 4046 983 4115 ulla
