2812 5258
332 444 386 501 noli
640 437 849 507 THEBAIDOS
870 434 978 489 LIBER
999 432 1051 486 Ill.
1247 429 1374 492 (usos.)

331 574 403 637 Heu
421 568 589 635 domiuum
606 565 710 633 insani
728 588 794 631 non
807 582 970 655 agnovere
990 555 1141 641 Molossi,

332 689 487 758 Dellerim
504 687 627 780 magis,
647 697 705 753 aut
726 708 820 752 verso
840 680 930 775 quod
947 679 1106 771 sanguine
1125 673 1222 743 fluxit

332 812 372 876 In
388 807 511 875 subitos
528 806 640 899 regina
655 802 745 871 lacus
760 827 768 869 :
786 804 832 870 sic
850 800 922 868 dira
939 822 1090 867 sororum

331 932 437 996 Pensa
455 924 591 1010 dabant,
609 924 781 1015 visumque
799 922 872 990 lovi
890 944 899 986 :
918 942 1007 987 nunc
1025 917 1113 1009 regis
1133 911 1238 1007 iniqui

333 1046 386 1116 Ob
402 1070 521 1113 noxam
541 1044 721 1112 immeritos
740 1038 854 1138 pstriae
869 1052 919 1107 tot
936 1036 1081 1107 culmina
1098 1036 1186 1103 cives

333 1165 509 1245 Eruimus3
531 1189 591 1232 nec
605 1163 713 1233 adhuc
730 1162 845 1230 calcati
866 1160 996 1229 foederis
1015 1163 1121 1253 Argos

336 1286 433 1350 Fama
454 1283 562 1370 subit,
579 1285 690 1376 etjam
707 1280 868 1349 bellorum
883 1294 1028 1347 extrema
1042 1275 1202 1345 dolemus.

335 1405 490 1492 Quantus
506 1404 614 1496 equis,
630 1415 838 1494 quantusque
855 1400 933 1467 viris
950 1398 983 1465 in
1003 1395 1138 1490 pulvere
1156 1418 1274 1465 crasso

337 1519 464 1591 Sudor!
485 1524 517 1589 io
535 1521 649 1612 quanti
669 1518 801 1588 crudele
819 1517 978 1586 rubebitis
994 1511 1121 1585 amnes!

341 1640 467 1710 Viderit
483 1641 553 1706 lroec
569 1635 655 1704 bello
673 1635 786 1705 viridis
804 1661 922 1704 manus
939 1660 947 1703 ε
964 1650 1015 1703 ast
1032 1658 1093 1728 ego
1111 1632 1222 1702 doner

339 1764 428 1827 Dum
446 1757 520 1825 licet
537 1758 612 1849 igne
631 1780 721 1842 meo,
740 1770 892 1847 terraque
910 1757 1072 1823 insternar
1089 1754 1182 1821 avita
1193 1748 1201 1821 !
1212 1781 1230 1817 s

388 1881 466 1944 Haec
483 1877 612 1944 senior:
631 1872 837 1966 multumque
854 1873 943 1942 nefas
963 1871 1106 1942 Eteoclis
1123 1872 1277 1959 acerbat,

343 1994 517 2066 Crudelem
537 1992 775 2087 infandumque
794 2019 934 2080 vocans,
955 2016 1132 2087 poenasque
1153 1992 1320 2061 daturum.

341 2115 439 2185 Unde
457 2140 495 2182 ea
513 2112 666 2182 libertas?
681 2115 775 2208 juxta
793 2111 840 2182 illi
861 2112 936 2180 finis
951 2127 984 2180 et
999 2126 1076 2180 aetas

342 2239 425 2303 Tota
444 2250 551 2320 retro,
570 2258 713 2326 seroeque
729 2234 807 2303 velit
824 2233 924 2301 decus
941 2231 1060 2300 addere
1079 2232 1192 2299 morti.

391 2359 468 2421 Haec
485 2367 575 2420 sator
591 2370 755 2421 astrorum
773 2351 968 2445 jamdudum
985 2376 1004 2420 e
1022 2350 1146 2419 vertice
1162 2349 1279 2419 mundi

344 2476 577 2564 Prospectans‚
598 2473 769 2564 primoque
785 2473 926 2540 imbutas
945 2471 1103 2564 sanguine
1119 2484 1251 2565 gentes,

348 2590 531 2660 Gradivum
551 2590 650 2658 acciri
669 2615 808 2683 propere
821 2592 925 2684 jubet.
946 2590 1006 2660 Ille
1025 2591 1174 2661 furentes

345 2711 515 2798 Bistonas,
535 2725 567 2777 et
584 2712 716 2780 Getieas
733 2709 910 2804 populatus
923 2711 1066 2780 caedibus
1082 2712 1204 2801 urbes,

346 2829 512 2898 Turbidus
530 2830 685 2898 aethereas
702 2854 818 2898 currus
836 2831 975 2925 urgebat
989 2830 1030 2899 sd
1049 2856 1160 2917 arces3

349 2947 498 3015 Fulmine
517 2950 685 3016 cristatum
702 2949 800 3042 galeae
815 2950 924 3043 jubar,
940 2974 1096 3042 armaque
1114 2953 1149 3019 in
1167 2976 1252 3021 eum

349 3066 486 3151 Tristia,
510 3066 659 3134 terrificis
679 3083 902 3137 monstrorum
921 3070 1065 3138 animata
1081 3069 1218 3165 figuris,

349 3186 517 3253 Incutiens
535 3210 542 3252 :
560 3199 653 3253 tonat
669 3210 728 3253 axe
749 3186 863 3280 polus,
884 3188 1055 3282 clypeique
1075 3204 1212 3259 cruenta

350 3305 423 3369 Lux
438 3302 555 3386 rubet,
574 3318 607 3371 et
625 3303 726 3373 solem
744 3305 841 3400 longe
859 3305 934 3375 ferit
949 3305 1087 3377 aemulus
1104 3308 1205 3379 orbis.

398 3424 496 3487 Hune
515 3420 570 3487 ubi
592 3426 788 3494 Sarmaticos
805 3428 986 3496 etiamnum
1007 3428 1118 3498 efflare
1132 3428 1266 3500 labores

351 3540 513 3633 luppiter,
529 3553 562 3606 et
579 3553 647 3608 tota
663 3544 829 3635 perfusum
844 3561 977 3638 pectora
995 3549 1073 3618 belli

352 3664 558 3753 Tempestate
576 3659 691 3728 videt:
721 3662 832 3732 «Talis
851 3667 948 3753 mihi,
966 3685 1059 3758 nate,
1079 3694 1137 3763 per
1159 3674 1291 3766 Argos,

354 3779 440 3848 Talis
460 3780 513 3847 ahi
529 3803 537 3846 ε
555 3779 602 3847 sie
619 3804 696 3847 ense
714 3782 862 3871 madens,
883 3811 921 3854 ae
938 3789 1071 3858 nubilus
1089 3793 1148 3859 ira.

354 3899 539 3969 Exturbent
555 3899 674 3968 resides
692 3900 818 3989 frenos;
838 3921 871 3973 et
886 3926 1004 3978 cuneta
1020 3913 1128 4004 perosi

356 4023 402 4087 Te
422 4022 576 4115 cupiant,
595 4022 655 4088 tibi
673 4024 855 4117 precipites
873 4030 1079 4122 animasque,
1094 4054 1287 4128 manusque
