2812 5258
66 450 176 512 tenu
381 449 589 504 mannos
609 423 715 505 arnan
736 452 758 505 1.
1025 447 1077 502 aas

64 577 113 643 Ut
131 573 315 639 meminisse
328 573 457 664 juvet.»
469 573 539 640 Nec
557 595 640 638 vana
657 595 736 639 voce
754 569 882 639 locutus

64 691 144 757 Pata
156 713 269 772 senex3
282 686 441 781 siquidem
453 688 537 756 hanc
549 689 720 781 perhibent
730 703 804 782 post
816 685 950 756 vulnera
956 688 1080 780 junctis

67 810 147 875 Esse
162 806 276 892 fidem,
293 820 416 899 quanta
433 806 590 898 partitum
607 820 752 873 extrema
767 819 922 897 protervo

55 925 189 1009 ,Thesea
205 924 369 1009 Pirithoo,
385 920 438 990 vel
455 925 586 990 inanem
605 924 722 991 mentis
741 903 889 991 Orestem

68 1043 229 1136 Opposito
245 1041 390 1109 rabidam
406 1039 526 1133 Pylade
541 1042 658 1109 vitasse
672 1043 857 1133 Megaram.

114 1163 208 1227 Tune
228 1182 359 1251 quoque
376 1157 570 1225 mulcentem
587 1158 680 1226 dictis
698 1158 796 1226 corda
809 1182 923 1251 aspera
937 1180 1046 1250 regem

67 1281 138 1346 Jam
155 1275 262 1344 faciles
280 1276 397 1369 (ventis
416 1290 453 1344 ut
471 1275 635 1344 decertata
651 1275 798 1375 residunt

67 1398 225 1487 Equora,
243 1393 422 1488 laxatisque
440 1393 497 1463 diu
517 1408 627 1462 tamen
642 1417 722 1462 aura
740 1407 901 1486 superstes

67 1515 254 1581 immoritur
271 1511 362 1606 velis)
380 1513 465 1605 passi
483 1512 611 1580 subiere
630 1527 772 1605 penates.

67 1632 129 1699 Hic
146 1633 289 1726 primum
307 1629 446 1699 lustrare
463 1629 581 1716 oculis,
598 1629 769 1724 cultusque
787 1632 932 1698 virorum

68 1749 211 1841 Telaque
228 1772 346 1841 magna
364 1763 478 1833 vacat3
494 1763 586 1841 tergo
603 1749 691 1817 videt
707 1749 806 1841 hujus
824 1749 954 1816 inanem

67 1867 208 1958 Impexis
226 1866 391 1956 utrimque
406 1865 495 1955 jubis
511 1865 644 1933 horrere
662 1864 803 1951 leonem,
904 1899 906 1903 ⁴
970 1882 977 1898 ¹

68 1979 161 2050 Illius
182 1981 388 2073 inspeciem,
406 2004 504 2072 quem
521 2005 581 2075 per
599 1980 792 2049 Theumesia
807 1983 929 2074 Tempe

70 2097 376 2191 Amphitryoniades
396 2097 533 2165 fractum
547 2095 747 2190 juvenilibus
763 2098 860 2165 armis

69 2218 153 2284 Ante
169 2214 310 2285 Cleonaei
327 2217 464 2283 vestitur
478 2213 592 2309 proelia
612 2217 757 2284 monstri.

67 2332 241 2401 Terribiles
256 2346 370 2400 contra
385 2335 477 2418 setis,
492 2357 531 2401 ac
550 2332 649 2401 dente
668 2358 804 2402 recurvo

68 2451 176 2542 Tydea
192 2475 252 2544 per
267 2447 349 2518 latos
366 2449 518 2517 humeros
535 2450 658 2518 ambire
674 2448 825 2519 laborant

68 2569 217 2655 Exuviae,
236 2567 411 2660 Calydonis
427 2567 531 2637 bonos
546 2594 554 2635 :
570 2582 680 2661 stupet
698 2571 807 2637 omine
828 2582 921 2636 tanto

70 2686 201 2754 Defixus
218 2687 336 2771 senior,
354 2683 465 2752 divina
480 2684 612 2754 oracula
630 2686 744 2754 Phoebi

69 2808 270 2896 Agnoscens,
287 2804 496 2895 monitusque
514 2802 607 2870 datos
624 2799 790 2870 vocalibus
806 2801 917 2869 antris.

69 2919 197 2988 Obtutu
213 2917 319 3013 gelida
339 2943 396 2988 ora
413 2921 550 3013 premit,
566 2917 721 3011 laetusque
737 2942 796 3010 per
810 2931 901 2986 artus

69 3042 195 3106 Horror
212 3038 272 3105 iit:
289 3037 388 3106 sensit
403 3035 573 3105 manifesto
593 3037 728 3103 numine
742 3035 859 3103 ductos

68 3155 193 3239 Alione,
209 3179 290 3249 quos
307 3156 398 3224 nexis
413 3154 604 3247 ambagibus
621 3177 726 3246 augur
741 3150 862 3245 Apollo

69 3273 221 3341 Portendi
240 3297 389 3366 generos,
407 3271 500 3340 vultu
519 3268 651 3339 fallente
670 3270 831 3356 ferarum,

70 3388 224 3458 Ediderat
238 3415 246 3455 :
260 3405 338 3458 tunc
352 3392 397 3459 sic
414 3388 549 3459 tendens
568 3388 608 3457 ad
625 3389 728 3457 sidera
748 3387 894 3483 palmas:

120 3507 235 3588 «Nox,
252 3529 323 3597 quae
341 3521 501 3576 terrarum
517 3505 653 3599 coelique
667 3505 814 3600 amplexa
829 3505 956 3576 labores

71 3626 169 3716 ignea
188 3620 368 3715 multivago
385 3626 575 3693 transmittis
589 3623 695 3693 sidera
712 3624 825 3718 lapsu,

20 3751 23 3755 ’
69 3740 247 3834 Indulgens
265 3763 415 3832 reparare
432 3744 595 3830 animum,
612 3744 689 3813 dum
710 3746 876 3837 proximus
893 3745 987 3836 egris

69 3858 225 3927 Infundat
240 3859 337 3925 Titan
355 3855 454 3950 agiles
471 3861 689 3929 animantibus
707 3876 815 3946 ortua,

69 3980 120 4048 Tu
139 3977 218 4045 mihi
236 3974 398 4068 perplexis
416 3977 583 4068 quesitam
600 3980 765 4047 erroribus
785 3977 873 4048 ultro
