<?xml version="1.0" encoding="UTF-8"?>
<!DOCTYPE html PUBLIC "-//W3C//DTD XHTML 1.0 Transitional//EN"
    "http://www.w3.org/TR/xhtml1/DTD/xhtml1-transitional.dtd">
<html xmlns="http://www.w3.org/1999/xhtml" xml:lang="en" lang="en">
 <head>
  <title>
</title>
<meta http-equiv="Content-Type" content="text/html;charset=utf-8" />
  <meta name='ocr-system' content='tesseract 3.04.00' />
  <meta name='ocr-capabilities' content='ocr_page ocr_carea ocr_par ocr_line ocrx_word'/>
</head>
<body>
  <div class='ocr_page' id='page_1' title='image "./publiipapiniist01statgoog_0407.png"; bbox 0 0 2812 5258; ppageno 0'>
   <div class='ocr_carea' id='block_1_1' title="bbox 100 358 1136 438">
    <p class='ocr_par' dir='ltr' id='par_1_1' title="bbox 100 358 1136 438">
     <span class='ocr_line' id='line_1_1' title="bbox 100 358 1136 438; baseline 0.012 -15"><span class='ocrx_word' id='word_1_1' title='bbox 100 374 215 438; x_wconf 58' lang='lat' dir='ltr'>(suth)</span> <span class='ocrx_word' id='word_1_2' title='bbox 410 371 623 429; x_wconf 71' lang='lat' dir='ltr'>annuamus</span> <span class='ocrx_word' id='word_1_3' title='bbox 645 372 753 429; x_wconf 73' lang='lat' dir='ltr'>uttan</span> <span class='ocrx_word' id='word_1_4' title='bbox 777 376 842 429; x_wconf 82' lang='lat' dir='ltr'>vtl.</span> <span class='ocrx_word' id='word_1_5' title='bbox 970 358 976 369; x_wconf 55' lang='lat'>&#39;</span> <span class='ocrx_word' id='word_1_6' title='bbox 1085 396 1136 435; x_wconf 91' lang='grc' dir='ltr'>ιιι</span> 
     </span>
    </p>
   </div>
   <div class='ocr_carea' id='block_1_2' title="bbox 93 495 1108 4090">
    <p class='ocr_par' dir='ltr' id='par_1_2' title="bbox 98 495 972 1072">
     <span class='ocr_line' id='line_1_2' title="bbox 100 495 955 594; baseline 0 -25"><span class='ocrx_word' id='word_1_7' title='bbox 100 497 253 569; x_wconf 85' lang='lat' dir='ltr'>hlarcida</span> <span class='ocrx_word' id='word_1_8' title='bbox 272 512 304 566; x_wconf 91' lang='lat' dir='ltr'>te</span> <span class='ocrx_word' id='word_1_9' title='bbox 324 495 436 566; x_wconf 80' lang='lat' dir='ltr'>fractis</span> <span class='ocrx_word' id='word_1_10' title='bbox 454 495 653 591; x_wconf 84' lang='lat' dir='ltr'>planxerunt</span> <span class='ocrx_word' id='word_1_11' title='bbox 672 502 797 567; x_wconf 89' lang='lat' dir='ltr'>Ismara</span> <span class='ocrx_word' id='word_1_12' title='bbox 816 500 955 594; x_wconf 80' lang='lat' dir='ltr'><strong>thyrsis,</strong></span> 
     </span>
     <span class='ocr_line' id='line_1_3' title="bbox 99 616 962 712; baseline 0.001 -25"><span class='ocrx_word' id='word_1_13' title='bbox 99 621 147 687; x_wconf 86' lang='lat' dir='ltr'>Te</span> <span class='ocrx_word' id='word_1_14' title='bbox 165 616 317 706; x_wconf 82' lang='lat' dir='ltr'><strong>Tmolos,</strong></span> <span class='ocrx_word' id='word_1_15' title='bbox 336 632 368 685; x_wconf 92' lang='lat' dir='ltr'>te</span> <span class='ocrx_word' id='word_1_16' title='bbox 385 619 474 711; x_wconf 85' lang='lat' dir='ltr'>Nysa</span> <span class='ocrx_word' id='word_1_17' title='bbox 491 617 600 704; x_wconf 87' lang='lat' dir='ltr'>ferax,</span> <span class='ocrx_word' id='word_1_18' title='bbox 620 617 811 712; x_wconf 77' lang='lat' dir='ltr'><strong>Theseaque</strong></span> <span class='ocrx_word' id='word_1_19' title='bbox 832 621 962 702; x_wconf 79' lang='lat' dir='ltr'>Naxos,</span> 
     </span>
     <span class='ocr_line' id='line_1_4' title="bbox 98 738 904 832; baseline 0.001 -27"><span class='ocrx_word' id='word_1_20' title='bbox 98 741 143 806; x_wconf 87' lang='lat' dir='ltr'>Et</span> <span class='ocrx_word' id='word_1_21' title='bbox 157 738 313 806; x_wconf 90' lang='lat' dir='ltr'>Thebana</span> <span class='ocrx_word' id='word_1_22' title='bbox 330 751 420 827; x_wconf 84' lang='lat' dir='ltr'>metu</span> <span class='ocrx_word' id='word_1_23' title='bbox 435 738 566 831; x_wconf 86' lang='lat' dir='ltr'>juratus</span> <span class='ocrx_word' id='word_1_24' title='bbox 584 739 619 805; x_wconf 93' lang='lat' dir='ltr'>in</span> <span class='ocrx_word' id='word_1_25' title='bbox 636 739 741 832; x_wconf 82' lang='lat' dir='ltr'>Orgia</span> <span class='ocrx_word' id='word_1_26' title='bbox 758 740 904 832; x_wconf 83' lang='lat' dir='ltr'><strong>Ganges.</strong></span> 
     </span>
     <span class='ocr_line' id='line_1_5' title="bbox 99 855 972 953; baseline 0.001 -26"><span class='ocrx_word' id='word_1_27' title='bbox 99 859 169 928; x_wconf 88' lang='lat' dir='ltr'>Nec</span> <span class='ocrx_word' id='word_1_28' title='bbox 189 883 321 952; x_wconf 82' lang='lat' dir='ltr'>segnem</span> <span class='ocrx_word' id='word_1_29' title='bbox 340 855 502 953; x_wconf 71' lang='lat' dir='ltr'>Argolicas</span> <span class='ocrx_word' id='word_1_30' title='bbox 518 882 649 929; x_wconf 83' lang='lat' dir='ltr'><strong>sensere</strong></span> <span class='ocrx_word' id='word_1_31' title='bbox 663 856 818 928; x_wconf 76' lang='lat' dir='ltr'>Eteoclea</span> <span class='ocrx_word' id='word_1_32' title='bbox 838 873 972 947; x_wconf 75' lang='lat' dir='ltr'>turma,</span> 
     </span>
     <span class='ocr_line' id='line_1_6' title="bbox 98 976 882 1072; baseline 0.004 -27"><span class='ocrx_word' id='word_1_33' title='bbox 98 979 233 1046; x_wconf 79' lang='lat' dir='ltr'>Parcior</span> <span class='ocrx_word' id='word_1_34' title='bbox 251 977 293 1046; x_wconf 89' lang='lat' dir='ltr'>ad</span> <span class='ocrx_word' id='word_1_35' title='bbox 307 979 393 1047; x_wconf 84' lang='lat' dir='ltr'>cives</span> <span class='ocrx_word' id='word_1_36' title='bbox 409 976 576 1072; x_wconf 80' lang='lat' dir='ltr'>Polynicis</span> <span class='ocrx_word' id='word_1_37' title='bbox 596 979 766 1048; x_wconf 85' lang='lat' dir='ltr'>inhorruit</span> <span class='ocrx_word' id='word_1_38' title='bbox 784 981 882 1048; x_wconf 88' lang='lat' dir='ltr'>ensis.</span> 
     </span>
    </p>

    <p class='ocr_par' dir='ltr' id='par_1_3' title="bbox 95 1096 1033 1792">
     <span class='ocr_line' id='line_1_7' title="bbox 146 1096 933 1190; baseline 0 -24"><span class='ocrx_word' id='word_1_39' title='bbox 146 1099 277 1166; x_wconf 86' lang='lat' dir='ltr'>Eminet</span> <span class='ocrx_word' id='word_1_40' title='bbox 295 1114 371 1168; x_wconf 87' lang='lat' dir='ltr'>ante</span> <span class='ocrx_word' id='word_1_41' title='bbox 390 1096 472 1168; x_wconf 88' lang='lat' dir='ltr'>alios</span> <span class='ocrx_word' id='word_1_42' title='bbox 486 1099 557 1190; x_wconf 88' lang='lat' dir='ltr'>jam</span> <span class='ocrx_word' id='word_1_43' title='bbox 577 1097 833 1168; x_wconf 84' lang='lat' dir='ltr'>formidantibus</span> <span class='ocrx_word' id='word_1_44' title='bbox 851 1123 933 1166; x_wconf 91' lang='lat' dir='ltr'>arva</span> 
     </span>
     <span class='ocr_line' id='line_1_8' title="bbox 98 1217 903 1313; baseline 0.001 -27"><span class='ocrx_word' id='word_1_45' title='bbox 98 1219 319 1312; x_wconf 84' lang='lat' dir='ltr'>Amphiaraus</span> <span class='ocrx_word' id='word_1_46' title='bbox 337 1221 450 1312; x_wconf 88' lang='lat' dir='ltr'>equis,</span> <span class='ocrx_word' id='word_1_47' title='bbox 470 1244 509 1288; x_wconf 90' lang='lat' dir='ltr'>ac</span> <span class='ocrx_word' id='word_1_48' title='bbox 527 1218 632 1288; x_wconf 85' lang='lat' dir='ltr'>multo</span> <span class='ocrx_word' id='word_1_49' title='bbox 651 1217 788 1313; x_wconf 86' lang='lat' dir='ltr'>pulvere</span> <span class='ocrx_word' id='word_1_50' title='bbox 803 1221 903 1288; x_wconf 89' lang='lat' dir='ltr'>vertit</span> 
     </span>
     <span class='ocr_line' id='line_1_9' title="bbox 97 1338 1033 1432; baseline 0.002 -25"><span class='ocrx_word' id='word_1_51' title='bbox 97 1338 260 1432; x_wconf 89' lang='lat' dir='ltr'>Campum</span> <span class='ocrx_word' id='word_1_52' title='bbox 283 1339 511 1432; x_wconf 83' lang='lat' dir='ltr'>indignantem</span> <span class='ocrx_word' id='word_1_53' title='bbox 530 1365 539 1407; x_wconf 73' lang='grc' dir='ltr'><strong><em>ε</em></strong></span> <span class='ocrx_word' id='word_1_54' title='bbox 558 1338 683 1409; x_wconf 81' lang='lat' dir='ltr'>famulo</span> <span class='ocrx_word' id='word_1_55' title='bbox 703 1338 803 1409; x_wconf 86' lang='lat' dir='ltr'>decus</span> <span class='ocrx_word' id='word_1_56' title='bbox 822 1340 916 1409; x_wconf 86' lang='lat' dir='ltr'>addit</span> <span class='ocrx_word' id='word_1_57' title='bbox 934 1342 1033 1409; x_wconf 90' lang='lat' dir='ltr'>inane</span> 
     </span>
     <span class='ocr_line' id='line_1_10' title="bbox 97 1459 930 1555; baseline 0.004 -29"><span class='ocrx_word' id='word_1_58' title='bbox 97 1459 253 1544; x_wconf 81' lang='lat' dir='ltr'>Moesaas,</span> <span class='ocrx_word' id='word_1_59' title='bbox 272 1472 306 1528; x_wconf 90' lang='lat' dir='ltr'>et</span> <span class='ocrx_word' id='word_1_60' title='bbox 322 1474 487 1531; x_wconf 83' lang='lat' dir='ltr'>extremos</span> <span class='ocrx_word' id='word_1_61' title='bbox 504 1460 615 1531; x_wconf 86' lang='lat' dir='ltr'>obitus</span> <span class='ocrx_word' id='word_1_62' title='bbox 634 1459 778 1531; x_wconf 88' lang='lat' dir='ltr'>illustrat</span> <span class='ocrx_word' id='word_1_63' title='bbox 799 1459 930 1555; x_wconf 78' lang='lat' dir='ltr'>Apollo.</span> 
     </span>
     <span class='ocr_line' id='line_1_11' title="bbox 95 1576 984 1678; baseline 0.002 -30"><span class='ocrx_word' id='word_1_64' title='bbox 95 1576 156 1648; x_wconf 92' lang='lat' dir='ltr'>llle</span> <span class='ocrx_word' id='word_1_65' title='bbox 174 1582 274 1649; x_wconf 87' lang='lat' dir='ltr'>etiam</span> <span class='ocrx_word' id='word_1_66' title='bbox 289 1578 458 1676; x_wconf 89' lang='lat' dir='ltr'>clypeum,</span> <span class='ocrx_word' id='word_1_67' title='bbox 478 1582 670 1678; x_wconf 84' lang='lat' dir='ltr'>galeamque</span> <span class='ocrx_word' id='word_1_68' title='bbox 688 1581 835 1652; x_wconf 92' lang='lat' dir='ltr'>incendit</span> <span class='ocrx_word' id='word_1_69' title='bbox 849 1580 984 1653; x_wconf 89' lang='lat' dir='ltr'>honoro</span> 
     </span>
     <span class='ocr_line' id='line_1_12' title="bbox 96 1700 908 1792; baseline 0.004 -23"><span class='ocrx_word' id='word_1_70' title='bbox 96 1700 235 1770; x_wconf 88' lang='lat' dir='ltr'>Sidere:</span> <span class='ocrx_word' id='word_1_71' title='bbox 255 1726 315 1771; x_wconf 88' lang='lat' dir='ltr'>nee</span> <span class='ocrx_word' id='word_1_72' title='bbox 336 1701 430 1772; x_wconf 90' lang='lat' dir='ltr'>tarde</span> <span class='ocrx_word' id='word_1_73' title='bbox 450 1701 563 1790; x_wconf 79' lang='lat' dir='ltr'>fratri,</span> <span class='ocrx_word' id='word_1_74' title='bbox 582 1704 749 1792; x_wconf 86' lang='lat' dir='ltr'>Gradive,</span> <span class='ocrx_word' id='word_1_75' title='bbox 771 1703 908 1792; x_wconf 92' lang='lat' dir='ltr'>dedisti,</span> 
     </span>
    </p>

    <p class='ocr_par' dir='ltr' id='par_1_4' title="bbox 95 1823 1016 2136">
     <span class='ocr_line' id='line_1_13' title="bbox 96 1823 953 1921; baseline 0.006 -31"><span class='ocrx_word' id='word_1_76' title='bbox 96 1823 147 1891; x_wconf 87' lang='lat' dir='ltr'>Ne</span> <span class='ocrx_word' id='word_1_77' title='bbox 165 1847 233 1916; x_wconf 92' lang='lat' dir='ltr'>qua</span> <span class='ocrx_word' id='word_1_78' title='bbox 249 1839 516 1921; x_wconf 85' lang='lat' dir='ltr'>manusvatem,</span> <span class='ocrx_word' id='word_1_79' title='bbox 535 1823 674 1918; x_wconf 90' lang='lat' dir='ltr'>nequid</span> <span class='ocrx_word' id='word_1_80' title='bbox 694 1823 848 1894; x_wconf 90' lang='lat' dir='ltr'>mortalia</span> <span class='ocrx_word' id='word_1_81' title='bbox 865 1824 953 1895; x_wconf 89' lang='lat' dir='ltr'>bello</span> 
     </span>
     <span class='ocr_line' id='line_1_14' title="bbox 95 1942 1016 2037; baseline 0.004 -26"><span class='ocrx_word' id='word_1_82' title='bbox 95 1942 232 2012; x_wconf 84' lang='lat' dir='ltr'>Laedere</span> <span class='ocrx_word' id='word_1_83' title='bbox 252 1944 316 2013; x_wconf 89' lang='lat' dir='ltr'>tela</span> <span class='ocrx_word' id='word_1_84' title='bbox 335 1959 482 2037; x_wconf 90' lang='lat' dir='ltr'>queant:</span> <span class='ocrx_word' id='word_1_85' title='bbox 498 1959 667 2031; x_wconf 90' lang='lat' dir='ltr'>sanetum,</span> <span class='ocrx_word' id='word_1_86' title='bbox 687 1960 720 2014; x_wconf 94' lang='lat' dir='ltr'>et</span> <span class='ocrx_word' id='word_1_87' title='bbox 741 1945 930 2015; x_wconf 89' lang='lat' dir='ltr'>venerabile</span> <span class='ocrx_word' id='word_1_88' title='bbox 946 1949 1016 2017; x_wconf 93' lang='lat' dir='ltr'>Diti</span> 
     </span>
     <span class='ocr_line' id='line_1_15' title="bbox 97 2062 904 2136; baseline 0.007 -6"><span class='ocrx_word' id='word_1_89' title='bbox 97 2066 211 2132; x_wconf 88' lang='lat' dir='ltr'>Funus</span> <span class='ocrx_word' id='word_1_90' title='bbox 231 2080 325 2132; x_wconf 86' lang='lat' dir='ltr'>erat:</span> <span class='ocrx_word' id='word_1_91' title='bbox 345 2062 421 2133; x_wconf 88' lang='lat' dir='ltr'>talis</span> <span class='ocrx_word' id='word_1_92' title='bbox 437 2063 564 2133; x_wconf 86' lang='lat' dir='ltr'>medios</span> <span class='ocrx_word' id='word_1_93' title='bbox 580 2064 722 2133; x_wconf 81' lang='lat' dir='ltr'>infertur</span> <span class='ocrx_word' id='word_1_94' title='bbox 741 2067 775 2135; x_wconf 92' lang='lat' dir='ltr'>in</span> <span class='ocrx_word' id='word_1_95' title='bbox 795 2065 904 2136; x_wconf 88' lang='lat' dir='ltr'>hostes</span> 
     </span>
    </p>

    <p class='ocr_par' dir='ltr' id='par_1_5' title="bbox 95 2183 809 2278">
     <span class='ocr_line' id='line_1_16' title="bbox 95 2183 809 2278; baseline 0.004 -26"><span class='ocrx_word' id='word_1_96' title='bbox 95 2184 218 2252; x_wconf 92' lang='lat' dir='ltr'>Certus</span> <span class='ocrx_word' id='word_1_97' title='bbox 236 2199 269 2253; x_wconf 92' lang='lat' dir='ltr'>et</span> <span class='ocrx_word' id='word_1_98' title='bbox 288 2186 358 2278; x_wconf 88' lang='lat' dir='ltr'>ipse</span> <span class='ocrx_word' id='word_1_99' title='bbox 377 2186 465 2254; x_wconf 86' lang='lat' dir='ltr'>necis</span> <span class='ocrx_word' id='word_1_100' title='bbox 482 2210 490 2252; x_wconf 76' lang='grc' dir='ltr'><em>τ</em></span> <span class='ocrx_word' id='word_1_101' title='bbox 508 2187 594 2255; x_wconf 87' lang='lat' dir='ltr'>vires</span> <span class='ocrx_word' id='word_1_102' title='bbox 612 2183 735 2255; x_wconf 88' lang='lat' dir='ltr'>fiducia</span> <span class='ocrx_word' id='word_1_103' title='bbox 752 2184 809 2255; x_wconf 90' lang='lat' dir='ltr'>leti</span> 
     </span>
    </p>

    <p class='ocr_par' dir='ltr' id='par_1_6' title="bbox 96 2303 1017 2521">
     <span class='ocr_line' id='line_1_17' title="bbox 96 2303 1017 2403; baseline 0.005 -29"><span class='ocrx_word' id='word_1_104' title='bbox 96 2306 270 2401; x_wconf 86' lang='lat' dir='ltr'>Suggerit;</span> <span class='ocrx_word' id='word_1_105' title='bbox 290 2303 369 2373; x_wconf 92' lang='lat' dir='ltr'>inde</span> <span class='ocrx_word' id='word_1_106' title='bbox 389 2305 462 2373; x_wconf 85' lang='lat' dir='ltr'>viro</span> <span class='ocrx_word' id='word_1_107' title='bbox 480 2306 676 2399; x_wconf 87' lang='lat' dir='ltr'>majoraque</span> <span class='ocrx_word' id='word_1_108' title='bbox 697 2308 863 2393; x_wconf 89' lang='lat' dir='ltr'>membra,</span> <span class='ocrx_word' id='word_1_109' title='bbox 882 2308 1017 2403; x_wconf 89' lang='lat' dir='ltr'>diesque</span> 
     </span>
     <span class='ocr_line' id='line_1_18' title="bbox 96 2426 919 2521; baseline 0.005 -27"><span class='ocrx_word' id='word_1_110' title='bbox 96 2427 229 2515; x_wconf 72' lang='lat' dir='ltr'>laetior,</span> <span class='ocrx_word' id='word_1_111' title='bbox 249 2440 282 2494; x_wconf 90' lang='lat' dir='ltr'>et</span> <span class='ocrx_word' id='word_1_112' title='bbox 301 2448 473 2518; x_wconf 89' lang='lat' dir='ltr'>nunquam</span> <span class='ocrx_word' id='word_1_113' title='bbox 492 2440 584 2495; x_wconf 90' lang='lat' dir='ltr'>tanta</span> <span class='ocrx_word' id='word_1_114' title='bbox 601 2429 806 2521; x_wconf 87' lang='lat' dir='ltr'>experientia</span> <span class='ocrx_word' id='word_1_115' title='bbox 825 2426 919 2516; x_wconf 89' lang='lat' dir='ltr'>coeli,</span> 
     </span>
    </p>

    <p class='ocr_par' dir='ltr' id='par_1_7' title="bbox 96 2547 895 2619">
     <span class='ocr_line' id='line_1_19' title="bbox 96 2547 895 2619; baseline 0 -3"><span class='ocrx_word' id='word_1_116' title='bbox 96 2548 130 2616; x_wconf 85' lang='lat' dir='ltr'>Si</span> <span class='ocrx_word' id='word_1_117' title='bbox 147 2561 264 2616; x_wconf 83' lang='lat' dir='ltr'>vacet:</span> <span class='ocrx_word' id='word_1_118' title='bbox 282 2548 404 2615; x_wconf 81' lang='lat' dir='ltr'>avertit</span> <span class='ocrx_word' id='word_1_119' title='bbox 423 2547 522 2615; x_wconf 87' lang='lat' dir='ltr'>morti</span> <span class='ocrx_word' id='word_1_120' title='bbox 540 2550 747 2616; x_wconf 89' lang='lat' dir='ltr'>contermina</span> <span class='ocrx_word' id='word_1_121' title='bbox 767 2550 895 2619; x_wconf 87' lang='lat' dir='ltr'>Virtus.</span> 
     </span>
    </p>

    <p class='ocr_par' dir='ltr' id='par_1_8' title="bbox 96 2665 804 2761">
     <span class='ocr_line' id='line_1_20' title="bbox 96 2665 804 2761; baseline 0 -24"><span class='ocrx_word' id='word_1_122' title='bbox 96 2666 199 2738; x_wconf 76' lang='lat' dir='ltr'>Ardet</span> <span class='ocrx_word' id='word_1_123' title='bbox 216 2665 381 2761; x_wconf 83' lang='lat' dir='ltr'>inexpleto</span> <span class='ocrx_word' id='word_1_124' title='bbox 399 2668 475 2737; x_wconf 74' lang='lat' dir='ltr'>saevi</span> <span class='ocrx_word' id='word_1_125' title='bbox 493 2669 656 2737; x_wconf 84' lang='lat' dir='ltr'>Mavortis</span> <span class='ocrx_word' id='word_1_126' title='bbox 674 2693 804 2756; x_wconf 89' lang='lat' dir='ltr'>amore,</span> 
     </span>
    </p>

    <p class='ocr_par' dir='ltr' id='par_1_9' title="bbox 96 2787 1039 2994">
     <span class='ocr_line' id='line_1_21' title="bbox 96 2787 1039 2883; baseline -0.001 -25"><span class='ocrx_word' id='word_1_127' title='bbox 96 2792 141 2858; x_wconf 84' lang='lat' dir='ltr'>Et</span> <span class='ocrx_word' id='word_1_128' title='bbox 159 2789 282 2858; x_wconf 85' lang='lat' dir='ltr'>fruitur</span> <span class='ocrx_word' id='word_1_129' title='bbox 299 2789 432 2875; x_wconf 79' lang='lat' dir='ltr'>dextra,</span> <span class='ocrx_word' id='word_1_130' title='bbox 452 2801 552 2880; x_wconf 90' lang='lat' dir='ltr'>atque</span> <span class='ocrx_word' id='word_1_131' title='bbox 569 2788 679 2856; x_wconf 87' lang='lat' dir='ltr'>anima</span> <span class='ocrx_word' id='word_1_132' title='bbox 698 2787 861 2883; x_wconf 79' lang='lat' dir='ltr'>flagrante</span> <span class='ocrx_word' id='word_1_133' title='bbox 880 2791 1039 2882; x_wconf 90' lang='lat' dir='ltr'>superbit.</span> 
     </span>
     <span class='ocr_line' id='line_1_22' title="bbox 97 2907 898 2994; baseline -0.004 -14"><span class='ocrx_word' id='word_1_134' title='bbox 97 2912 160 2980; x_wconf 87' lang='lat' dir='ltr'>llic</span> <span class='ocrx_word' id='word_1_135' title='bbox 178 2911 352 2979; x_wconf 91' lang='lat' dir='ltr'>hominum</span> <span class='ocrx_word' id='word_1_136' title='bbox 371 2934 467 2979; x_wconf 85' lang='lat' dir='ltr'>casus</span> <span class='ocrx_word' id='word_1_137' title='bbox 485 2907 604 2994; x_wconf 88' lang='lat' dir='ltr'>lenire,</span> <span class='ocrx_word' id='word_1_138' title='bbox 624 2922 657 2977; x_wconf 92' lang='lat' dir='ltr'>et</span> <span class='ocrx_word' id='word_1_139' title='bbox 675 2907 805 2977; x_wconf 92' lang='lat' dir='ltr'>demere</span> <span class='ocrx_word' id='word_1_140' title='bbox 823 2907 898 2977; x_wconf 88' lang='lat' dir='ltr'>satis</span> 
     </span>
    </p>

    <p class='ocr_par' dir='ltr' id='par_1_10' title="bbox 95 3027 992 3124">
     <span class='ocr_line' id='line_1_23' title="bbox 95 3027 992 3124; baseline -0.002 -25"><span class='ocrx_word' id='word_1_141' title='bbox 95 3034 177 3100; x_wconf 79' lang='lat' dir='ltr'>lura</span> <span class='ocrx_word' id='word_1_142' title='bbox 194 3030 362 3124; x_wconf 83' lang='lat' dir='ltr'>frequens,</span> <span class='ocrx_word' id='word_1_143' title='bbox 379 3043 542 3123; x_wconf 90' lang='lat' dir='ltr'>quantum</span> <span class='ocrx_word' id='word_1_144' title='bbox 561 3028 672 3097; x_wconf 91' lang='lat' dir='ltr'>subito</span> <span class='ocrx_word' id='word_1_145' title='bbox 689 3027 839 3097; x_wconf 90' lang='lat' dir='ltr'>diversus</span> <span class='ocrx_word' id='word_1_146' title='bbox 855 3028 898 3097; x_wconf 94' lang='lat' dir='ltr'>ab</span> <span class='ocrx_word' id='word_1_147' title='bbox 916 3027 992 3116; x_wconf 91' lang='lat' dir='ltr'>illo,</span> 
     </span>
    </p>

    <p class='ocr_par' dir='ltr' id='par_1_11' title="bbox 95 3148 1063 3485">
     <span class='ocr_line' id='line_1_24' title="bbox 95 3148 1063 3246; baseline -0.003 -25"><span class='ocrx_word' id='word_1_148' title='bbox 95 3154 165 3242; x_wconf 89' lang='lat' dir='ltr'>Qui</span> <span class='ocrx_word' id='word_1_149' title='bbox 184 3151 352 3246; x_wconf 84' lang='lat' dir='ltr'>tripodas,</span> <span class='ocrx_word' id='word_1_150' title='bbox 372 3149 553 3244; x_wconf 82' lang='lat' dir='ltr'>laurusque</span> <span class='ocrx_word' id='word_1_151' title='bbox 571 3150 684 3243; x_wconf 90' lang='lat' dir='ltr'>sequi,</span> <span class='ocrx_word' id='word_1_152' title='bbox 705 3150 763 3242; x_wconf 91' lang='lat' dir='ltr'>qui</span> <span class='ocrx_word' id='word_1_153' title='bbox 782 3148 899 3218; x_wconf 87' lang='lat' dir='ltr'>doctus</span> <span class='ocrx_word' id='word_1_154' title='bbox 921 3151 954 3218; x_wconf 92' lang='lat' dir='ltr'>in</span> <span class='ocrx_word' id='word_1_155' title='bbox 974 3152 1063 3218; x_wconf 90' lang='lat' dir='ltr'>omni</span> 
     </span>
     <span class='ocr_line' id='line_1_25' title="bbox 95 3268 918 3364; baseline -0.006 -21"><span class='ocrx_word' id='word_1_156' title='bbox 95 3274 195 3343; x_wconf 84' lang='lat' dir='ltr'>Nube</span> <span class='ocrx_word' id='word_1_157' title='bbox 213 3271 357 3342; x_wconf 87' lang='lat' dir='ltr'>salutato</span> <span class='ocrx_word' id='word_1_158' title='bbox 375 3268 544 3340; x_wconf 89' lang='lat' dir='ltr'>volucrem</span> <span class='ocrx_word' id='word_1_159' title='bbox 565 3294 763 3364; x_wconf 88' lang='lat' dir='ltr'>cognoscere</span> <span class='ocrx_word' id='word_1_160' title='bbox 781 3270 918 3339; x_wconf 88' lang='lat' dir='ltr'>Phoebo.</span> 
     </span>
     <span class='ocr_line' id='line_1_26' title="bbox 95 3388 918 3485; baseline -0.006 -20"><span class='ocrx_word' id='word_1_161' title='bbox 95 3398 308 3465; x_wconf 89' lang='lat' dir='ltr'>Innumeram</span> <span class='ocrx_word' id='word_1_162' title='bbox 329 3392 416 3461; x_wconf 82' lang='lat' dir='ltr'>ferro</span> <span class='ocrx_word' id='word_1_163' title='bbox 435 3389 581 3485; x_wconf 90' lang='lat' dir='ltr'>plebem,</span> <span class='ocrx_word' id='word_1_164' title='bbox 601 3414 662 3459; x_wconf 88' lang='lat' dir='ltr'>ceu</span> <span class='ocrx_word' id='word_1_165' title='bbox 681 3388 791 3460; x_wconf 91' lang='lat' dir='ltr'>letifer</span> <span class='ocrx_word' id='word_1_166' title='bbox 811 3415 918 3460; x_wconf 90' lang='lat' dir='ltr'>annus</span> 
     </span>
    </p>

    <p class='ocr_par' dir='ltr' id='par_1_12' title="bbox 93 3510 1108 4090">
     <span class='ocr_line' id='line_1_27' title="bbox 93 3510 1014 3609; baseline -0.004 -24"><span class='ocrx_word' id='word_1_167' title='bbox 93 3520 163 3585; x_wconf 82' lang='lat' dir='ltr'>Aut</span> <span class='ocrx_word' id='word_1_168' title='bbox 177 3514 276 3606; x_wconf 84' lang='lat' dir='ltr'>jubar</span> <span class='ocrx_word' id='word_1_169' title='bbox 293 3514 422 3583; x_wconf 88' lang='lat' dir='ltr'>adversi</span> <span class='ocrx_word' id='word_1_170' title='bbox 441 3536 541 3609; x_wconf 89' lang='lat' dir='ltr'>grave</span> <span class='ocrx_word' id='word_1_171' title='bbox 559 3510 694 3598; x_wconf 88' lang='lat' dir='ltr'>sideris,</span> <span class='ocrx_word' id='word_1_172' title='bbox 715 3510 866 3581; x_wconf 82' lang='lat' dir='ltr'>immolat</span> <span class='ocrx_word' id='word_1_173' title='bbox 888 3513 1014 3582; x_wconf 90' lang='lat' dir='ltr'>umbris</span> 
     </span>
     <span class='ocr_line' id='line_1_28' title="bbox 93 3631 1016 3729; baseline -0.003 -24"><span class='ocrx_word' id='word_1_174' title='bbox 93 3639 169 3729; x_wconf 90' lang='lat' dir='ltr'>lpse</span> <span class='ocrx_word' id='word_1_175' title='bbox 189 3636 282 3701; x_wconf 89' lang='lat' dir='ltr'>suis:</span> <span class='ocrx_word' id='word_1_176' title='bbox 298 3633 408 3726; x_wconf 87' lang='lat' dir='ltr'>jaculo</span> <span class='ocrx_word' id='word_1_177' title='bbox 427 3631 626 3728; x_wconf 81' lang='lat' dir='ltr'>Phlegyam,</span> <span class='ocrx_word' id='word_1_178' title='bbox 642 3632 821 3726; x_wconf 90' lang='lat' dir='ltr'>jaculoque</span> <span class='ocrx_word' id='word_1_179' title='bbox 837 3633 1016 3727; x_wconf 89' lang='lat' dir='ltr'>superbum</span> 
     </span>
     <span class='ocr_line' id='line_1_29' title="bbox 94 3750 1006 3848; baseline -0.001 -24"><span class='ocrx_word' id='word_1_180' title='bbox 94 3751 240 3848; x_wconf 88' lang='lat' dir='ltr'>Phylea,</span> <span class='ocrx_word' id='word_1_181' title='bbox 260 3750 379 3821; x_wconf 87' lang='lat' dir='ltr'>falcato</span> <span class='ocrx_word' id='word_1_182' title='bbox 396 3754 571 3840; x_wconf 91' lang='lat' dir='ltr'>Chromin,</span> <span class='ocrx_word' id='word_1_183' title='bbox 581 3766 614 3820; x_wconf 91' lang='lat' dir='ltr'>et</span> <span class='ocrx_word' id='word_1_184' title='bbox 626 3753 867 3823; x_wconf 77' lang='lat' dir='ltr'>Chremetaona</span> <span class='ocrx_word' id='word_1_185' title='bbox 887 3779 1006 3842; x_wconf 89' lang='lat' dir='ltr'>curru,</span> 
     </span>
     <span class='ocr_line' id='line_1_30' title="bbox 94 3872 1108 3967; baseline -0.001 -22"><span class='ocrx_word' id='word_1_186' title='bbox 94 3876 257 3945; x_wconf 86' lang='lat' dir='ltr'>Cominus</span> <span class='ocrx_word' id='word_1_187' title='bbox 278 3873 369 3941; x_wconf 89' lang='lat' dir='ltr'>hunc</span> <span class='ocrx_word' id='word_1_188' title='bbox 386 3887 527 3941; x_wconf 87' lang='lat' dir='ltr'>stantem</span> <span class='ocrx_word' id='word_1_189' title='bbox 545 3875 656 3958; x_wconf 90' lang='lat' dir='ltr'>metit,</span> <span class='ocrx_word' id='word_1_190' title='bbox 676 3874 766 3943; x_wconf 91' lang='lat' dir='ltr'>hunc</span> <span class='ocrx_word' id='word_1_191' title='bbox 784 3898 804 3941; x_wconf 91' lang='lat' dir='ltr'>a</span> <span class='ocrx_word' id='word_1_192' title='bbox 822 3872 946 3967; x_wconf 90' lang='lat' dir='ltr'>poplite</span> <span class='ocrx_word' id='word_1_193' title='bbox 965 3891 1108 3959; x_wconf 87' lang='lat' dir='ltr'>sectum,</span> 
     </span>
     <span class='ocr_line' id='line_1_31' title="bbox 96 3993 1086 4090; baseline 0 -26"><span class='ocrx_word' id='word_1_194' title='bbox 96 3993 243 4090; x_wconf 85' lang='lat' dir='ltr'>Cuspide</span> <span class='ocrx_word' id='word_1_195' title='bbox 257 3993 398 4061; x_wconf 83' lang='lat' dir='ltr'>demissa</span> <span class='ocrx_word' id='word_1_196' title='bbox 414 3993 597 4081; x_wconf 89' lang='lat' dir='ltr'>Chromin,</span> <span class='ocrx_word' id='word_1_197' title='bbox 616 3993 879 4087; x_wconf 83' lang='lat' dir='ltr'>Iphinoumque,</span> <span class='ocrx_word' id='word_1_198' title='bbox 897 3997 1086 4090; x_wconf 85' lang='lat' dir='ltr'>Sagenque,</span> 
     </span>
    </p>
   </div>
   <div class='ocr_carea' id='block_1_3' title="bbox 0 0 1410 5258">
    <p class='ocr_par' dir='ltr' id='par_1_13' title="bbox 0 0 1410 5258">
     <span class='ocr_line' id='line_1_32' title="bbox 0 0 1410 5258; baseline 0 2"><span class='ocrx_word' id='word_1_199' title='bbox 0 0 1410 5258; x_wconf 95' lang='lat' dir='ltr'> </span> 
     </span>
    </p>
   </div>
  </div>
 </body>
</html>
