2812 5258
253 395 287 449 sa
603 393 633 444 Ρ.
657 390 778 444 runnu
797 391 916 444 sacru
1191 398 1274 454 (.....;

249 518 384 600 Saxeus,
399 514 453 580 hic
469 511 626 579 tumidam
643 511 782 596 rabiem,
797 535 1013 603 spumosaque
1028 511 1119 603 ponit

249 636 437 715 Murmura,
452 655 510 698 ceu
526 628 644 722 placidi
655 631 779 696 veritus
796 629 927 696 turbare
942 630 1074 720 Vopisci

250 752 436 842 Pieriosque
452 748 534 833 dies,
551 761 583 813 et
598 747 754 814 habentes
768 748 912 813 carmina
928 770 1068 812 somnos.

249 871 342 936 Litus
358 881 532 957 utrumque
547 864 635 931 domi
650 891 658 930 ε
675 889 735 931 nec
752 878 782 931 te
797 865 985 932 mitissimus
1001 865 1106 930 amnis

249 984 375 1053 Dividit
387 1008 397 1069 ;
411 981 552 1051 alternas
566 996 696 1049 servant
712 983 863 1074 praetoria
878 983 964 1074 ripas

250 1105 326 1173 Non
341 1115 474 1169 externa
487 1101 564 1185 sihi,
578 1100 756 1166 fluviumve
772 1100 900 1167 obstare
915 1111 1108 1190 queruntur.

295 1226 451 1294 Sestiacos
467 1249 554 1291 nunc
570 1224 655 1290 sama
670 1225 774 1307 sinus,
789 1221 986 1316 pelagusque
1003 1235 1148 1287 natatum

248 1318 364 1429 Jactet,
379 1356 411 1410 et
425 1340 538 1410 audaci
552 1344 682 1434 junctos
698 1340 867 1435 delphinas
882 1339 1008 1432 ephebo
1025 1363 1033 1404 :

248 1463 309 1529 Hic
323 1473 443 1529 aterna
458 1461 564 1552 quies,
579 1457 678 1525 nullis
694 1460 748 1527 hic
760 1461 834 1550 jura
850 1453 1013 1549 procellis,

248 1581 419 1670 Nusquam
435 1579 543 1645 fervor
558 1578 659 1668 aquis.
675 1579 781 1644 Datur
795 1575 849 1641 hic
865 1574 1082 1640 transmittere
1095 1569 1198 1655 visus,

248 1697 289 1762 Et
303 1719 417 1779 voces,
433 1708 465 1761 et
482 1718 572 1786 paene
586 1716 712 1760 manus.
733 1693 785 1760 Sic
800 1688 957 1758 Chalcida
972 1689 1088 1757 lluctus

248 1809 423 1903 Expellunt
440 1810 530 1878 lluvii
547 1836 555 1877 :
572 1812 618 1877 sic
634 1809 803 1877 dissociata
818 1807 981 1901 profundo

249 1931 375 1997 Bruttia
391 1930 557 1997 Sicanium
572 1929 791 2019 circumspicit
805 1950 862 1993 ora
878 1925 1041 1994 Pelorum.

296 2046 387 2133 Quid
402 2048 560 2139 primum,
577 2045 762 2112 mediumve
776 2068 907 2128 canam;
923 2067 989 2135 qno
1005 2043 1070 2110 fine
1085 2042 1271 2135 quiescam?

248 2166 430 2232 Auratasne
445 2165 568 2251 trabes,
583 2189 625 2231 an
640 2166 774 2230 Mauros
790 2162 935 2253 undique
951 2174 1073 2254 postes,

247 2284 301 2350 An
318 2282 478 2374 picturata
492 2281 633 2351 lucentia
648 2305 811 2348 marmora
826 2305 908 2346 vena

247 2400 360 2482 Mirer,
374 2423 415 2464 an
432 2401 562 2466 emissas
578 2424 637 2490 per
652 2412 768 2466 cuncta
785 2396 903 2464 cubilia
918 2397 1095 2490 nymphas?

246 2518 319 2581 Huc
333 2512 452 2602 oculis,
469 2516 534 2582 huc
548 2528 658 2581 mente
675 2516 794 2582 trahor.
810 2515 1005 2592 Venerabile
1020 2515 1126 2584 dicam

246 2634 411 2700 Lucorum
428 2631 578 2701 senium?
593 2646 644 2716 te,
661 2656 732 2724 quae
747 2632 829 2700 vada
845 2634 988 2701 fluminis
1004 2634 1087 2701 infra

247 2749 381 2820 Cernis?
397 2775 440 2817 an
457 2750 498 2819 ad
512 2749 608 2818 silvas
623 2774 694 2841 quae
708 2752 854 2843 respicis,
871 2750 960 2838 aula,
971 2752 1135 2844 jacentes?

246 2869 321 2955 Qua
337 2868 395 2935 tibi
412 2882 480 2935 tota
497 2870 603 2961 quies,
619 2867 808 2960 offensaque
823 2868 954 2936 turbine
969 2867 1062 2936 nullo

206 3014 209 3019 ·
245 2986 320 3053 Nox
335 2983 423 3070 silet,
438 2999 470 3052 et
486 2999 613 3053 teneros
628 2987 770 3052 invitant
787 3010 956 3052 murmura
971 3010 1112 3054 somnos.

246 3108 298 3172 dn
313 3127 385 3196 quae
398 3104 565 3198 graminea
579 3117 726 3194 suscepta
741 3103 908 3196 crepidine
922 3104 1049 3171 fumant

246 3219 381 3309 Balnea,
395 3236 427 3290 et
443 3223 630 3316 impositum
647 3222 726 3316 ripis
742 3220 924 3314 algentibus
939 3221 1075 3314 ignem?

244 3339 376 3432 Quique
389 3341 580 3433 vaporiferis
595 3343 727 3432 junctus
741 3339 928 3408 fornacibus
944 3343 1049 3408 amnis

244 3456 342 3524 Ridet
356 3456 544 3526 anhelantes
558 3461 666 3526 vicino
681 3459 817 3525 flumine
832 3458 1020 3550 nymphas?

290 3573 368 3641 Vidi
382 3588 481 3659 artes,
497 3590 708 3668 veterumque
725 3600 854 3661 manus,
870 3579 1032 3668 variisque
1045 3574 1175 3643 metalla
1197 3631 1202 3644 .

244 3691 328 3759 Viva
343 3691 458 3760 modis.
476 3692 584 3760 Labor
599 3708 647 3761 est
661 3696 731 3762 auri
746 3719 928 3762 memorare
944 3695 1084 3788 figuras,

246 3812 309 3876 hut
325 3808 416 3894 ebur,
430 3824 487 3876 aut
502 3809 615 3902 dignas
631 3812 741 3905 digitis
755 3814 945 3905 contingere
960 3836 1114 3907 gemmas.

244 3926 409 4023 Quicquid
422 3942 455 3995 et
470 3942 605 4020 argento
619 3932 762 4014 primum
778 3929 828 3997 vel
846 3931 879 3997 in
896 3955 958 4000 are
973 3930 1123 4022 Myronis
