2812 5258
200 450 256 506 238
495 446 705 502 THEBAIDOS
727 447 838 501 LIBER
860 444 911 499 111.
1115 444 1150 506 (r.
1165 444 1231 492 563:

201 575 291 642 Scire
309 572 398 641 nesas
415 572 561 658 homini;
579 596 638 638 nos
657 593 794 662 pravum
812 592 850 637 ac
870 563 976 633 debile
993 562 1114 658 vidgus

199 693 342 761 Scrutati
364 692 494 785 penitus
511 693 653 782 Superos
671 713 679 756 ε
700 688 780 755 hinc
799 683 905 780 pallor
922 698 955 751 et
971 684 1026 751 irae

200 813 284 880 Hine
301 809 422 896 scelus,
441 808 646 899 insidiaeque,
663 820 696 874 et
713 803 805 874 nulla
822 801 982 871 modestia
998 802 1078 870 voti.

245 934 333 1022 Ergo
350 953 450 996 manu
468 929 581 1013 vittas,
596 925 813 1016 damnataque
832 921 952 990 vertice
970 934 1057 989 serta

197 1049 342 1141 Deripit,
364 1047 556 1139 abjectaque
571 1045 752 1112 inhonorus
768 1039 884 1110 sronde
901 1037 1051 1107 sacerdos

196 1167 306 1234 Inviso
323 1166 363 1234 de
384 1179 496 1232 monto
519 1162 605 1231 redit
623 1188 631 1229 ε
646 1163 715 1254 jam
730 1159 814 1228 bella
832 1158 983 1251 tubaque

196 1287 373 1370 Cominus,
392 1284 606 1375 absentesque
626 1281 772 1349 fremunt
789 1279 851 1347 sub
869 1292 1002 1371 pectore
1018 1276 1156 1347 Thebae.

195 1404 254 1471 llle
272 1430 332 1472 nec
350 1404 543 1496 adspectum
559 1400 668 1495 vnlgi,
688 1425 748 1469 nec
765 1398 832 1467 lida
851 1397 981 1492 tyranni

195 1522 386 1615 Colloquia,
403 1536 462 1589 aut
477 1535 580 1590 coetus
598 1544 772 1614 procerum
790 1518 951 1611 perferre,
971 1516 1029 1585 sed
1046 1531 1123 1586 atra

193 1640 275 1708 Sede
292 1642 375 1734 tegi,
393 1654 426 1707 et
448 1642 609 1732 Superum
625 1638 755 1707 clausus
776 1652 872 1732 negat
890 1651 963 1705 acta
981 1635 1092 1705 fateri.

192 1762 238 1827 Te
257 1758 365 1853 pudor
384 1772 417 1826 et
434 1783 522 1827 curm
540 1760 683 1827 retinent
703 1783 762 1851 per
781 1783 874 1845 rura,
895 1755 1078 1851 Melampu.

241 1881 375 1947 Bisseno
394 1879 514 1972 premit
533 1903 592 1946 ora
609 1878 677 1962 die,
697 1875 921 1971 populumque
935 1876 1106 1970 ducesque

192 1998 345 2065 Extrahit
361 1998 501 2065 incertis.
523 2001 565 2065 Et
583 1997 652 2089 jam
671 2020 825 2089 suprema
842 1996 1004 2065 Tonantis

193 2119 287 2184 Jussa
305 2115 463 2202 fremunt,
483 2139 644 2208 agrosque
662 2116 756 2201 viris,
771 2138 959 2209 annosaque
977 2129 1114 2185 vastant

192 2234 348 2327 Oppida:
365 2233 558 2327 bellipotens
576 2259 643 2327 prae
658 2258 692 2301 se
707 2237 797 2303 Deus
816 2234 950 2327 agmina
967 2235 1093 2329 passim

190 2351 283 2419 Mille
299 2354 387 2446 rapit
404 2378 411 2421 :
429 2353 552 2445 liquere
571 2354 700 2438 domos,
717 2353 901 2445 dilectaque
916 2351 982 2423 lasti

191 2472 382 2553 Counubia,
398 2485 431 2538 et
447 2473 559 2563 primo
574 2470 741 2564 plorantes
759 2471 872 2541 limine
889 2486 996 2543 natos.

187 2592 314 2657 Tantus
330 2591 364 2656 in
380 2589 537 2657 attonitos
555 2589 673 2657 cecidit
692 2593 782 2659 Dens
801 2616 915 2660 :arma
932 2594 1078 2685 paternis

187 2709 357 2793 Postibus,
373 2723 405 2777 et
427 2708 507 2776 fixos
528 2712 692 2801 Superum
711 2708 753 2776 ad
771 2708 952 2803 penetralia
967 2736 1084 2781 currus

187 2827 316 2895 Vellere
331 2854 425 2896 amor
442 2855 450 2897 ε
469 2843 548 2896 tnnc
562 2827 644 2895 sessa
658 2831 748 2922 putri
766 2831 917 2924 rubigine
936 2830 1021 2919 tela,

186 2951 430 3040 Horrentesque
449 2949 513 3015 situ
533 2945 658 3040 gladios
676 2950 710 3015 in
725 2974 807 3017 saeva
823 2966 1000 3021 recurvant

184 3065 347 3150 Vulnera,
367 3081 400 3135 et
417 3067 531 3134 attrito
550 3082 672 3159 cogunt
687 3070 897 3161 juvenescere
913 3094 1002 3139 saxo.

185 3187 228 3253 Hi
247 3200 364 3253 teretes
384 3184 511 3278 galeas,
532 3210 794 3280 magnorumque
810 3212 893 3257 aerea
910 3202 986 3259 suta

183 3303 386 3388 Thoracum,
405 3318 438 3370 et
456 3305 582 3371 tunicas
603 3305 777 3398 chalybum
796 3306 947 3400 squalore
965 3324 1145 3404 crepantes

183 3424 372 3491 Pectoribus
388 3437 535 3510 tentare,
553 3424 609 3493 alii
628 3428 791 3518 Gortynia
811 3426 937 3497 lentant

183 3546 318 3611 Cornua
334 3569 341 3608 :
357 3542 426 3634 jam
447 3542 542 3611 falces
558 3543 663 3612 avidis
679 3558 712 3612 et
729 3560 837 3613 aratra
854 3548 1012 3637 caminis,

182 3666 380 3754 Rastraque,
398 3676 431 3729 et
451 3663 577 3730 incurvi
599 3686 719 3729 saevum
740 3665 880 3734 rubuere
900 3664 1049 3760 ligones:

182 3780 314 3851 Caedere
329 3806 390 3849 nec
407 3780 528 3849 validas
546 3782 666 3849 sanctis
682 3808 700 3851 e
716 3785 872 3878 stirpibus
889 3784 1024 3871 hastas,

182 3901 251 3969 Nec
271 3899 378 3993 pudor
396 3901 532 3967 emerito
550 3898 700 3993 clypeum
720 3905 853 3973 vestisse
870 3905 1027 3996 juvenco.

229 4022 381 4111 Inrupere
396 4021 520 4113 Argos,
540 4021 710 4114 moestique
728 4022 769 4091 ad
785 4021 899 4091 limina
921 4024 1009 4119 regis
