2812 5258
244 400 283 456 38
551 399 776 476 ,munos
799 398 908 452 um
929 399 965 450 v,
1173 399 1286 455 (vassi

244 528 393 622 Excipit,
411 541 445 597 ά
463 526 588 594 laeam
606 525 727 617 premit
745 525 780 590 in
800 548 887 590 nova
905 520 1043 590 vulnera
1060 525 1179 590 crines.

293 649 369 716 «Ut
387 672 466 715 veru
482 644 672 714 Alcimedes
689 646 871 712 etiamnum
890 645 925 710 in
944 667 1117 710 murmure
1132 659 1271 710 maneos

245 771 344 835 Ferre
361 768 463 860 patris
482 763 610 847 vultam,
626 780 662 833 et
677 781 828 860 egentem
845 766 1016 858 sanguinis
1031 789 1144 832 ensem

245 887 430 978 Compasi,
449 887 580 979 riguum
595 910 717 971 eomae,
734 901 836 979 atque
852 891 888 955 in
907 889 1033 954 viseera
1050 909 1157 954 savus

246 1004 1093 1095 HorroriittmeusilleTboas,meadirarideri

245 1130 369 1195 Dextra
387 1125 469 1191 mibi
488 1151 497 1191 :
516 1125 681 1219 extemplo
699 1125 853 1196 thalamis
872 1128 1004 1196 mrbata
1022 1131 1166 1222 paternis

245 1246 374 1315 lnseror
393 1272 401 1314 :
423 1243 478 1313 ille
495 1243 631 1338 quidem
647 1245 777 1316 dudmn
793 1247 893 1342 (quis
910 1272 1030 1343 magna
1050 1252 1154 1317 utenti

244 1366 435 1461 Somnusl)
451 1370 521 1462 agit
538 1391 673 1436 versans
690 1393 822 1454 samm,
838 1371 900 1437 etsi
917 1367 984 1436 lata
1001 1371 1135 1437 recessu

245 1488 337 1556 Urbe
353 1487 489 1574 domus,
506 1490 645 1581 quinam
662 1487 842 1584 strepitus?
856 1511 931 1579 qnae
948 1513 1119 1558 murmura
1136 1492 1264 1574 noetis,

244 1609 315 1677 Cur
333 1606 550 1676 fremebunda
566 1610 685 1702 quies?
701 1607 832 1702 trepido
848 1603 953 1674 scelus
971 1606 1090 1674 ordine
1107 1608 1239 1700 pande,

245 1729 330 1816 Quis
347 1727 459 1814 dolor,
475 1728 566 1797 unde
582 1731 683 1797 animi
701 1754 710 1796 ε
730 1729 779 1793 vis
798 1722 890 1792 nulla
908 1746 1018 1790 aroere
1036 1723 1182 1792 furentes
1202 1754 1211 1792 ε

245 1851 473 1942 Haesequere,
484 1846 716 1917 omiserande:
726 1857 893 1936 premunt,
902 1841 1109 1935 aderuntque
1121 1849 1285 1928 moranti,

245 1972 291 2039 Et
309 1996 436 2041 meeum
457 1970 596 2039 fortasse
610 1964 716 2036 mdes.
739 1964 800 2031 llis
818 1978 947 2050 motus,
964 1979 998 2033 et
1014 1978 1105 2032 artus

246 2094 359 2162 Erexit
376 2092 487 2163 stratis
506 2115 515 2157 :
534 2087 669 2157 ferimur
687 2107 747 2177 per
764 2082 861 2153 devia
879 2099 979 2153 vastae

246 2212 365 2298 Urbis,
385 2211 441 2278 ubi
461 2211 628 2302 ingentem
645 2218 819 2273 nocturnas
836 2204 935 2273 cadis
953 2228 1107 2272 aoervum

247 2331 389 2414 Passim,
408 2341 446 2396 ut
461 2348 610 2419 quosque
627 2326 728 2393 sacris
745 2324 888 2394 crudelis
907 2350 1044 2418 vespera
1064 2322 1144 2392 lueis

246 2450 432 2530 straverat,
449 2442 580 2512 occulta
597 2444 807 2538 speculamur
826 2447 914 2514 nube
933 2445 1080 2514 latentes.

246 2568 309 2635 llic
326 2567 484 2658 impressa
502 2566 584 2633 toris
602 2589 679 2653 ora,
697 2581 927 2658 exstantesque
945 2565 1080 2634 reclusis

245 2687 437 2756 Pectoribus
454 2681 608 2781 capulos,
626 2711 823 2782 magnarum
840 2701 875 2756 et
891 2687 1056 2781 fragmina
1073 2703 1190 2757 trunca

246 2811 443 2910 Hastam,
462 2822 495 2876 et
513 2806 601 2877 ferro
619 2806 743 2879 laceras
760 2833 820 2903 per
837 2832 978 2901 corpora
995 2823 1117 2896 vestas,

247 2932 399 3000 Crateras
417 2955 559 3024 pronos,
578 2929 757 3025 epulasque
774 2933 809 2998 in
827 2930 915 2998 caede
934 2947 1083 2999 natantes

247 3053 391 3119 Cernere
408 3066 496 3139 erat,
513 3049 703 3146 jugulisque
719 3050 820 3119 modo
838 3052 993 3119 torrentis
1013 3055 1134 3143 apertis

248 3173 416 3264 Sanguine
435 3173 613 3240 commixto
633 3171 824 3241 redeuntem
844 3173 877 3239 in
896 3170 1014 3265 pocula
1034 3174 1210 3241 Bacchum.

247 3269 485 3384 Hic'juvenum
504 3316 638 3378 manus,
656 3308 688 3362 et
707 3291 805 3362 nullis
824 3290 986 3361 violabilis
1006 3295 1105 3361 armis

247 3409 359 3480 Turba
378 3414 472 3479 senes
492 3437 500 3478 :
521 3413 685 3506 positique
702 3429 833 3507 patrum
854 3439 952 3507 super
970 3438 1029 3483 ora
1049 3429 1235 3508 gementum

248 3531 431 3598 Semineces
450 3534 543 3624 pueri
564 3532 709 3626 trepidas
727 3534 762 3601 in
782 3531 893 3602 limine
910 3536 985 3602 vitae

109 3729 113 3739 Ι
248 3646 439 3742 Singultant
456 3651 581 3718 animas
602 3677 609 3716 :
631 3650 738 3745 gelida
757 3677 825 3720 non
844 3656 961 3722 saevius
980 3658 1065 3745 Ossa

249 3770 433 3837 Luxuriant
451 3770 668 3862 Lapitharum
686 3770 807 3866 epula,
826 3775 852 3841 si
872 3773 1007 3865 quando
1026 3775 1194 3868 profundo

247 3887 431 3982 Nubigenae
450 3887 578 3957 caluere
595 3915 687 3959 mero
706 3917 713 3957 :
734 3894 787 3960 vis
806 3894 933 3985 primus
952 3895 994 3961 ab
1014 3898 1063 3964 ira

248 4005 371 4093 Pallor,
391 4022 422 4075 et
442 4008 591 4102 impulsis
610 4026 751 4106 surgunt
771 4012 810 4080 ad
830 4012 947 4106 proelia
965 4020 1097 4086 mensis.
