<?xml version="1.0" encoding="UTF-8"?>
<!DOCTYPE html PUBLIC "-//W3C//DTD XHTML 1.0 Transitional//EN"
    "http://www.w3.org/TR/xhtml1/DTD/xhtml1-transitional.dtd">
<html xmlns="http://www.w3.org/1999/xhtml" xml:lang="en" lang="en">
 <head>
  <title>
</title>
<meta http-equiv="Content-Type" content="text/html;charset=utf-8" />
  <meta name='ocr-system' content='tesseract 3.04.00' />
  <meta name='ocr-capabilities' content='ocr_page ocr_carea ocr_par ocr_line ocrx_word'/>
</head>
<body>
  <div class='ocr_page' id='page_1' title='image "./publiipapiniist01statgoog_0145.png"; bbox 0 0 2812 5258; ppageno 0'>
   <div class='ocr_carea' id='block_1_1' title="bbox 61 445 1090 533">
    <p class='ocr_par' dir='ltr' id='par_1_1' title="bbox 61 445 1090 533">
     <span class='ocr_line' id='line_1_1' title="bbox 61 445 1090 533; baseline -0.001 -31"><span class='ocrx_word' id='word_1_1' title='bbox 61 469 94 517; x_wconf 73' lang='lat' dir='ltr'>qr.</span> <span class='ocrx_word' id='word_1_2' title='bbox 108 454 173 516; x_wconf 74' lang='lat'><strong>169.)</strong></span> <span class='ocrx_word' id='word_1_3' title='bbox 385 450 574 504; x_wconf 81' lang='lat' dir='ltr'>SILVARUM</span> <span class='ocrx_word' id='word_1_4' title='bbox 595 451 703 503; x_wconf 85' lang='lat' dir='ltr'>LIBER</span> <span class='ocrx_word' id='word_1_5' title='bbox 725 451 758 533; x_wconf 93' lang='lat' dir='ltr'>V</span> <span class='ocrx_word' id='word_1_6' title='bbox 1038 445 1090 516; x_wconf 75' lang='lat'>157</span> 
     </span>
    </p>
   </div>
   <div class='ocr_carea' id='block_1_2' title="bbox 60 574 1005 912">
    <p class='ocr_par' dir='ltr' id='par_1_2' title="bbox 60 574 1005 912">
     <span class='ocr_line' id='line_1_2' title="bbox 62 574 1005 671; baseline -0.008 -24"><span class='ocrx_word' id='word_1_7' title='bbox 62 581 222 671; x_wconf 88' lang='lat' dir='ltr'>Quosque</span> <span class='ocrx_word' id='word_1_8' title='bbox 237 576 411 647; x_wconf 77' lang='lat' dir='ltr'><strong>Dicarchei</strong></span> <span class='ocrx_word' id='word_1_9' title='bbox 431 591 567 669; x_wconf 91' lang='lat' dir='ltr'>portus,</span> <span class='ocrx_word' id='word_1_10' title='bbox 587 575 773 664; x_wconf 84' lang='lat' dir='ltr'>Baianaque</span> <span class='ocrx_word' id='word_1_11' title='bbox 792 574 929 642; x_wconf 89' lang='lat' dir='ltr'>mittunt</span> <span class='ocrx_word' id='word_1_12' title='bbox 1002 618 1005 623; x_wconf 89' lang='lat'>-</span> 
     </span>
     <span class='ocr_line' id='line_1_3' title="bbox 61 691 832 791; baseline -0.01 -24"><span class='ocrx_word' id='word_1_13' title='bbox 61 700 191 785; x_wconf 79' lang='lat' dir='ltr'>Litora,</span> <span class='ocrx_word' id='word_1_14' title='bbox 209 723 274 791; x_wconf 91' lang='lat' dir='ltr'>qua</span> <span class='ocrx_word' id='word_1_15' title='bbox 291 697 405 765; x_wconf 91' lang='lat' dir='ltr'>mediis</span> <span class='ocrx_word' id='word_1_16' title='bbox 425 694 490 764; x_wconf 87' lang='lat' dir='ltr'>alte</span> <span class='ocrx_word' id='word_1_17' title='bbox 509 696 681 790; x_wconf 91' lang='lat' dir='ltr'>permistus</span> <span class='ocrx_word' id='word_1_18' title='bbox 700 691 832 761; x_wconf 86' lang='lat' dir='ltr'>anhelat</span> 
     </span>
     <span class='ocr_line' id='line_1_4' title="bbox 60 812 939 912; baseline -0.008 -27"><span class='ocrx_word' id='word_1_19' title='bbox 60 819 150 912; x_wconf 83' lang='lat' dir='ltr'><strong>Ignis</strong></span> <span class='ocrx_word' id='word_1_20' title='bbox 170 820 279 910; x_wconf 90' lang='lat' dir='ltr'>aquis,</span> <span class='ocrx_word' id='word_1_21' title='bbox 298 834 330 885; x_wconf 92' lang='lat' dir='ltr'>et</span> <span class='ocrx_word' id='word_1_22' title='bbox 347 831 462 911; x_wconf 88' lang='lat' dir='ltr'>operta</span> <span class='ocrx_word' id='word_1_23' title='bbox 482 816 609 884; x_wconf 91' lang='lat' dir='ltr'>animos</span> <span class='ocrx_word' id='word_1_24' title='bbox 629 812 779 881; x_wconf 90' lang='lat' dir='ltr'>incendia</span> <span class='ocrx_word' id='word_1_25' title='bbox 799 824 939 878; x_wconf 89' lang='lat' dir='ltr'>servant.</span> 
     </span>
    </p>
   </div>
   <div class='ocr_carea' id='block_1_3' title="bbox 45 930 1054 4139">
    <p class='ocr_par' dir='ltr' id='par_1_3' title="bbox 58 930 966 1152">
     <span class='ocr_line' id='line_1_5' title="bbox 60 930 966 1032; baseline -0.003 -27"><span class='ocrx_word' id='word_1_26' title='bbox 60 939 113 1006; x_wconf 90' lang='lat' dir='ltr'>Sic</span> <span class='ocrx_word' id='word_1_27' title='bbox 127 937 169 1004; x_wconf 88' lang='lat' dir='ltr'>ad</span> <span class='ocrx_word' id='word_1_28' title='bbox 190 936 368 1006; x_wconf 87' lang='lat' dir='ltr'>Avernales</span> <span class='ocrx_word' id='word_1_29' title='bbox 388 934 556 1032; x_wconf 91' lang='lat' dir='ltr'>scopulos,</span> <span class='ocrx_word' id='word_1_30' title='bbox 570 950 604 1003; x_wconf 93' lang='lat' dir='ltr'>et</span> <span class='ocrx_word' id='word_1_31' title='bbox 620 959 723 1029; x_wconf 91' lang='lat' dir='ltr'>opaca</span> <span class='ocrx_word' id='word_1_32' title='bbox 742 931 872 1027; x_wconf 74' lang='lat' dir='ltr'>Sibylla</span> <span class='ocrx_word' id='word_1_33' title='bbox 963 930 966 937; x_wconf 74' lang='grc'><strong>’</strong></span> 
     </span>
     <span class='ocr_line' id='line_1_6' title="bbox 58 1056 867 1152; baseline -0.002 -25"><span class='ocrx_word' id='word_1_34' title='bbox 58 1064 183 1144; x_wconf 86' lang='lat' dir='ltr'>Antra,</span> <span class='ocrx_word' id='word_1_35' title='bbox 200 1072 363 1152; x_wconf 76' lang='lat' dir='ltr'>rogaturae</span> <span class='ocrx_word' id='word_1_36' title='bbox 379 1058 553 1125; x_wconf 87' lang='lat' dir='ltr'>veniebant</span> <span class='ocrx_word' id='word_1_37' title='bbox 571 1056 717 1149; x_wconf 89' lang='lat' dir='ltr'>undique</span> <span class='ocrx_word' id='word_1_38' title='bbox 736 1071 867 1149; x_wconf 83' lang='lat' dir='ltr'>gentes:</span> 
     </span>
    </p>

    <p class='ocr_par' dir='ltr' id='par_1_4' title="bbox 59 1176 920 1388">
     <span class='ocr_line' id='line_1_7' title="bbox 59 1176 920 1268; baseline -0.002 -23"><span class='ocrx_word' id='word_1_39' title='bbox 59 1176 120 1245; x_wconf 86' lang='lat' dir='ltr'>Illa</span> <span class='ocrx_word' id='word_1_40' title='bbox 139 1179 243 1245; x_wconf 91' lang='lat' dir='ltr'>minas</span> <span class='ocrx_word' id='word_1_41' title='bbox 260 1178 402 1263; x_wconf 87' lang='lat' dir='ltr'>Divum,</span> <span class='ocrx_word' id='word_1_42' title='bbox 417 1179 662 1268; x_wconf 82' lang='lat' dir='ltr'>Parcarumque</span> <span class='ocrx_word' id='word_1_43' title='bbox 679 1176 920 1261; x_wconf 88' lang='lat' dir='ltr'>actacanebat,</span> 
     </span>
     <span class='ocr_line' id='line_1_8' title="bbox 60 1289 831 1388; baseline 0 -25"><span class='ocrx_word' id='word_1_44' title='bbox 60 1296 220 1382; x_wconf 90' lang='lat' dir='ltr'>Quamvis</span> <span class='ocrx_word' id='word_1_45' title='bbox 240 1295 375 1388; x_wconf 88' lang='lat' dir='ltr'>decepto</span> <span class='ocrx_word' id='word_1_46' title='bbox 391 1289 485 1362; x_wconf 87' lang='lat' dir='ltr'>vates</span> <span class='ocrx_word' id='word_1_47' title='bbox 498 1319 565 1362; x_wconf 93' lang='lat' dir='ltr'>non</span> <span class='ocrx_word' id='word_1_48' title='bbox 586 1296 678 1361; x_wconf 90' lang='lat' dir='ltr'>irrita</span> <span class='ocrx_word' id='word_1_49' title='bbox 696 1294 831 1363; x_wconf 88' lang='lat' dir='ltr'>Phoebo.</span> 
     </span>
    </p>

    <p class='ocr_par' dir='ltr' id='par_1_5' title="bbox 60 1412 1054 1868">
     <span class='ocr_line' id='line_1_9' title="bbox 107 1412 1054 1508; baseline 0 -25"><span class='ocrx_word' id='word_1_50' title='bbox 107 1417 188 1483; x_wconf 85' lang='lat' dir='ltr'>Mox</span> <span class='ocrx_word' id='word_1_51' title='bbox 206 1429 240 1482; x_wconf 94' lang='lat' dir='ltr'>et</span> <span class='ocrx_word' id='word_1_52' title='bbox 256 1412 448 1484; x_wconf 86' lang='lat' dir='ltr'>Romuleam</span> <span class='ocrx_word' id='word_1_53' title='bbox 467 1416 622 1507; x_wconf 89' lang='lat' dir='ltr'>stirpem,</span> <span class='ocrx_word' id='word_1_54' title='bbox 641 1438 857 1508; x_wconf 87' lang='lat' dir='ltr'>proceresque</span> <span class='ocrx_word' id='word_1_55' title='bbox 874 1414 1004 1483; x_wconf 90' lang='lat' dir='ltr'>futuros</span> <span class='ocrx_word' id='word_1_56' title='bbox 1052 1461 1054 1466; x_wconf 91' lang='lat'><em>-</em></span> 
     </span>
     <span class='ocr_line' id='line_1_10' title="bbox 60 1534 924 1629; baseline 0 -27"><span class='ocrx_word' id='word_1_57' title='bbox 60 1536 213 1619; x_wconf 90' lang='lat' dir='ltr'>Instruis,</span> <span class='ocrx_word' id='word_1_58' title='bbox 231 1534 331 1628; x_wconf 92' lang='lat' dir='ltr'>inque</span> <span class='ocrx_word' id='word_1_59' title='bbox 348 1548 480 1629; x_wconf 91' lang='lat' dir='ltr'>patrum</span> <span class='ocrx_word' id='word_1_60' title='bbox 499 1535 634 1627; x_wconf 88' lang='lat' dir='ltr'>vestigia</span> <span class='ocrx_word' id='word_1_61' title='bbox 651 1534 771 1603; x_wconf 91' lang='lat' dir='ltr'>ducere</span> <span class='ocrx_word' id='word_1_62' title='bbox 790 1550 924 1629; x_wconf 88' lang='lat' dir='ltr'>perstas.</span> 
     </span>
     <span class='ocr_line' id='line_1_11' title="bbox 60 1654 822 1749; baseline 0.004 -28"><span class='ocrx_word' id='word_1_63' title='bbox 60 1654 127 1722; x_wconf 89' lang='lat' dir='ltr'>Sub</span> <span class='ocrx_word' id='word_1_64' title='bbox 145 1670 176 1723; x_wconf 90' lang='lat' dir='ltr'>te</span> <span class='ocrx_word' id='word_1_65' title='bbox 194 1656 382 1724; x_wconf 89' lang='lat' dir='ltr'>Dardanius</span> <span class='ocrx_word' id='word_1_66' title='bbox 399 1656 477 1724; x_wconf 91' lang='lat' dir='ltr'>facis</span> <span class='ocrx_word' id='word_1_67' title='bbox 494 1654 682 1748; x_wconf 84' lang='lat' dir='ltr'>explorator</span> <span class='ocrx_word' id='word_1_68' title='bbox 700 1669 822 1749; x_wconf 82' lang='lat' dir='ltr'>opertae</span> 
     </span>
     <span class='ocr_line' id='line_1_12' title="bbox 60 1773 718 1868; baseline 0.002 -27"><span class='ocrx_word' id='word_1_69' title='bbox 60 1775 127 1862; x_wconf 88' lang='lat' dir='ltr'>Qui</span> <span class='ocrx_word' id='word_1_70' title='bbox 141 1775 314 1843; x_wconf 90' lang='lat' dir='ltr'>Diomedei</span> <span class='ocrx_word' id='word_1_71' title='bbox 330 1773 413 1843; x_wconf 92' lang='lat' dir='ltr'>celat</span> <span class='ocrx_word' id='word_1_72' title='bbox 426 1774 603 1868; x_wconf 89' lang='lat' dir='ltr'>penetralia</span> <span class='ocrx_word' id='word_1_73' title='bbox 622 1776 718 1862; x_wconf 89' lang='lat' dir='ltr'>furti,</span> 
     </span>
    </p>

    <p class='ocr_par' dir='ltr' id='par_1_6' title="bbox 45 1893 1012 2464">
     <span class='ocr_line' id='line_1_13' title="bbox 59 1893 991 1988; baseline 0.001 -26"><span class='ocrx_word' id='word_1_74' title='bbox 59 1896 185 1980; x_wconf 87' lang='lat' dir='ltr'>Crevit,</span> <span class='ocrx_word' id='word_1_75' title='bbox 203 1908 235 1961; x_wconf 92' lang='lat' dir='ltr'>et</span> <span class='ocrx_word' id='word_1_76' title='bbox 252 1893 328 1960; x_wconf 87' lang='lat' dir='ltr'>inde</span> <span class='ocrx_word' id='word_1_77' title='bbox 347 1918 477 1961; x_wconf 90' lang='lat' dir='ltr'>sacrum</span> <span class='ocrx_word' id='word_1_78' title='bbox 494 1893 609 1961; x_wconf 88' lang='lat' dir='ltr'>didicit</span> <span class='ocrx_word' id='word_1_79' title='bbox 624 1921 726 1987; x_wconf 92' lang='lat' dir='ltr'>puer:</span> <span class='ocrx_word' id='word_1_80' title='bbox 744 1921 836 1963; x_wconf 91' lang='lat' dir='ltr'>arma</span> <span class='ocrx_word' id='word_1_81' title='bbox 850 1895 991 1988; x_wconf 90' lang='lat' dir='ltr'>probare</span> 
     </span>
     <span class='ocr_line' id='line_1_14' title="bbox 57 2008 902 2105; baseline 0.002 -25"><span class='ocrx_word' id='word_1_82' title='bbox 57 2013 253 2080; x_wconf 87' lang='lat' dir='ltr'>Monstrasti</span> <span class='ocrx_word' id='word_1_83' title='bbox 272 2008 387 2095; x_wconf 91' lang='lat' dir='ltr'>Saliis,</span> <span class='ocrx_word' id='word_1_84' title='bbox 406 2036 653 2105; x_wconf 78' lang='lat' dir='ltr'>praesagumque</span> <span class='ocrx_word' id='word_1_85' title='bbox 670 2014 788 2082; x_wconf 81' lang='lat' dir='ltr'>athera</span> <span class='ocrx_word' id='word_1_86' title='bbox 806 2016 902 2082; x_wconf 89' lang='lat' dir='ltr'>certis</span> 
     </span>
     <span class='ocr_line' id='line_1_15' title="bbox 45 2129 963 2224; baseline 0.002 -25"><span class='ocrx_word' id='word_1_87' title='bbox 45 2132 271 2224; x_wconf 78' lang='lat' dir='ltr'>&#39;Auguribus3</span> <span class='ocrx_word' id='word_1_88' title='bbox 286 2131 339 2197; x_wconf 90' lang='lat' dir='ltr'>cui</span> <span class='ocrx_word' id='word_1_89' title='bbox 355 2129 581 2198; x_wconf 90' lang='lat' dir='ltr'>Chalcidicum</span> <span class='ocrx_word' id='word_1_90' title='bbox 602 2131 650 2198; x_wconf 90' lang='lat' dir='ltr'>fas</span> <span class='ocrx_word' id='word_1_91' title='bbox 667 2131 799 2199; x_wconf 89' lang='lat' dir='ltr'>volvere</span> <span class='ocrx_word' id='word_1_92' title='bbox 813 2157 963 2219; x_wconf 91' lang='lat' dir='ltr'>carmen,</span> 
     </span>
     <span class='ocr_line' id='line_1_16' title="bbox 56 2250 1012 2342; baseline 0.001 -22"><span class='ocrx_word' id='word_1_93' title='bbox 56 2255 169 2320; x_wconf 89' lang='lat' dir='ltr'>Lanea</span> <span class='ocrx_word' id='word_1_94' title='bbox 184 2251 235 2318; x_wconf 90' lang='lat' dir='ltr'>cui</span> <span class='ocrx_word' id='word_1_95' title='bbox 254 2250 388 2342; x_wconf 90' lang='lat' dir='ltr'>Phrygii</span> <span class='ocrx_word' id='word_1_96' title='bbox 403 2264 454 2317; x_wconf 88' lang='lat' dir='ltr'>est</span> <span class='ocrx_word' id='word_1_97' title='bbox 471 2275 565 2318; x_wconf 87' lang='lat' dir='ltr'>coma</span> <span class='ocrx_word' id='word_1_98' title='bbox 577 2252 734 2338; x_wconf 84' lang='lat' dir='ltr'>flaminis,</span> <span class='ocrx_word' id='word_1_99' title='bbox 752 2264 783 2319; x_wconf 92' lang='lat' dir='ltr'>et</span> <span class='ocrx_word' id='word_1_100' title='bbox 802 2266 858 2319; x_wconf 89' lang='lat' dir='ltr'>tua</span> <span class='ocrx_word' id='word_1_101' title='bbox 872 2252 1012 2321; x_wconf 91' lang='lat' dir='ltr'>multum</span> 
     </span>
     <span class='ocr_line' id='line_1_17' title="bbox 56 2369 781 2464; baseline 0 -26"><span class='ocrx_word' id='word_1_102' title='bbox 56 2370 205 2438; x_wconf 89' lang='lat' dir='ltr'>Verbera</span> <span class='ocrx_word' id='word_1_103' title='bbox 223 2371 377 2438; x_wconf 92' lang='lat' dir='ltr'>succincti</span> <span class='ocrx_word' id='word_1_104' title='bbox 395 2369 611 2440; x_wconf 85' lang='lat' dir='ltr'>formidavere</span> <span class='ocrx_word' id='word_1_105' title='bbox 630 2373 781 2464; x_wconf 91' lang='lat' dir='ltr'>Luperci.</span> 
     </span>
    </p>

    <p class='ocr_par' dir='ltr' id='par_1_7' title="bbox 56 2488 867 2583">
     <span class='ocr_line' id='line_1_18' title="bbox 56 2488 867 2583; baseline 0.002 -26"><span class='ocrx_word' id='word_1_106' title='bbox 56 2492 99 2557; x_wconf 90' lang='lat' dir='ltr'>Et</span> <span class='ocrx_word' id='word_1_107' title='bbox 118 2514 207 2557; x_wconf 93' lang='lat' dir='ltr'>nunc</span> <span class='ocrx_word' id='word_1_108' title='bbox 221 2514 260 2557; x_wconf 82' lang='lat' dir='ltr'>ex</span> <span class='ocrx_word' id='word_1_109' title='bbox 281 2488 339 2557; x_wconf 92' lang='lat' dir='ltr'>illo</span> <span class='ocrx_word' id='word_1_110' title='bbox 356 2489 465 2558; x_wconf 85' lang='lat' dir='ltr'>forsan</span> <span class='ocrx_word' id='word_1_111' title='bbox 487 2514 600 2582; x_wconf 81' lang='lat' dir='ltr'>grege,</span> <span class='ocrx_word' id='word_1_112' title='bbox 618 2492 769 2583; x_wconf 90' lang='lat' dir='ltr'>gentibus</span> <span class='ocrx_word' id='word_1_113' title='bbox 784 2489 867 2560; x_wconf 88' lang='lat' dir='ltr'>alter</span> 
     </span>
    </p>

    <p class='ocr_par' dir='ltr' id='par_1_8' title="bbox 56 2606 748 2702">
     <span class='ocr_line' id='line_1_19' title="bbox 56 2606 748 2702; baseline 0.004 -25"><span class='ocrx_word' id='word_1_114' title='bbox 56 2613 75 2678; x_wconf 87' lang='lat' dir='ltr'>J</span> <span class='ocrx_word' id='word_1_115' title='bbox 79 2633 137 2676; x_wconf 89' lang='lat' dir='ltr'>ura</span> <span class='ocrx_word' id='word_1_116' title='bbox 155 2609 210 2676; x_wconf 90' lang='lat' dir='ltr'>dat</span> <span class='ocrx_word' id='word_1_117' title='bbox 228 2610 319 2696; x_wconf 88' lang='lat' dir='ltr'>Eois,</span> <span class='ocrx_word' id='word_1_118' title='bbox 336 2606 419 2676; x_wconf 89' lang='lat' dir='ltr'>alter</span> <span class='ocrx_word' id='word_1_119' title='bbox 432 2611 609 2702; x_wconf 89' lang='lat' dir='ltr'>compescit</span> <span class='ocrx_word' id='word_1_120' title='bbox 622 2611 748 2699; x_wconf 92' lang='lat' dir='ltr'>Iberos,</span> 
     </span>
    </p>

    <p class='ocr_par' dir='ltr' id='par_1_9' title="bbox 57 2726 917 2824">
     <span class='ocr_line' id='line_1_20' title="bbox 57 2726 917 2824; baseline 0.003 -27"><span class='ocrx_word' id='word_1_121' title='bbox 57 2726 148 2797; x_wconf 83' lang='lat' dir='ltr'>Alter</span> <span class='ocrx_word' id='word_1_122' title='bbox 166 2730 412 2798; x_wconf 76' lang='lat' dir='ltr'>Achaemenium</span> <span class='ocrx_word' id='word_1_123' title='bbox 430 2726 566 2796; x_wconf 91' lang='lat' dir='ltr'>secludit</span> <span class='ocrx_word' id='word_1_124' title='bbox 583 2735 760 2824; x_wconf 90' lang='lat' dir='ltr'>Zeugmate</span> <span class='ocrx_word' id='word_1_125' title='bbox 776 2735 917 2800; x_wconf 90' lang='lat' dir='ltr'>Persen:</span> 
     </span>
    </p>

    <p class='ocr_par' dir='ltr' id='par_1_10' title="bbox 57 2824 843 2943">
     <span class='ocr_line' id='line_1_21' title="bbox 57 2824 843 2943; baseline 0.003 -27"><span class='ocrx_word' id='word_1_126' title='bbox 57 2849 101 2916; x_wconf 85' lang='lat' dir='ltr'>Hi</span> <span class='ocrx_word' id='word_1_127' title='bbox 117 2848 199 2918; x_wconf 88' lang='lat' dir='ltr'>dites</span> <span class='ocrx_word' id='word_1_128' title='bbox 216 2850 299 2919; x_wconf 82' lang='lat' dir='ltr'>Asiae</span> <span class='ocrx_word' id='word_1_129' title='bbox 316 2824 471 2943; x_wconf 84' lang='lat' dir='ltr'>populos,</span> <span class='ocrx_word' id='word_1_130' title='bbox 489 2848 524 2915; x_wconf 93' lang='lat' dir='ltr'>hi</span> <span class='ocrx_word' id='word_1_131' title='bbox 540 2851 677 2918; x_wconf 91' lang='lat' dir='ltr'>Pontica</span> <span class='ocrx_word' id='word_1_132' title='bbox 694 2851 843 2937; x_wconf 87' lang='lat' dir='ltr'>frenant,</span> 
     </span>
    </p>

    <p class='ocr_par' dir='ltr' id='par_1_11' title="bbox 57 2967 785 3062">
     <span class='ocr_line' id='line_1_22' title="bbox 57 2967 785 3062; baseline 0.007 -29"><span class='ocrx_word' id='word_1_133' title='bbox 57 2967 101 3034; x_wconf 88' lang='lat' dir='ltr'>Hi</span> <span class='ocrx_word' id='word_1_134' title='bbox 119 2967 190 3036; x_wconf 91' lang='lat' dir='ltr'>fora</span> <span class='ocrx_word' id='word_1_135' title='bbox 210 2968 350 3062; x_wconf 88' lang='lat' dir='ltr'>pacificis</span> <span class='ocrx_word' id='word_1_136' title='bbox 369 2968 547 3036; x_wconf 87' lang='lat' dir='ltr'>emendant</span> <span class='ocrx_word' id='word_1_137' title='bbox 562 2969 718 3057; x_wconf 89' lang='lat' dir='ltr'>fascibus,</span> <span class='ocrx_word' id='word_1_138' title='bbox 738 2969 785 3038; x_wconf 87' lang='lat' dir='ltr'>illi</span> 
     </span>
    </p>

    <p class='ocr_par' dir='ltr' id='par_1_12' title="bbox 56 3088 853 3183">
     <span class='ocr_line' id='line_1_23' title="bbox 56 3088 853 3183; baseline 0.003 -29"><span class='ocrx_word' id='word_1_139' title='bbox 56 3088 171 3155; x_wconf 84' lang='lat' dir='ltr'>Castra</span> <span class='ocrx_word' id='word_1_140' title='bbox 189 3089 243 3180; x_wconf 93' lang='lat' dir='ltr'>pia</span> <span class='ocrx_word' id='word_1_141' title='bbox 259 3088 399 3156; x_wconf 88' lang='lat' dir='ltr'>statione</span> <span class='ocrx_word' id='word_1_142' title='bbox 416 3101 548 3174; x_wconf 89' lang='lat' dir='ltr'>tenent;</span> <span class='ocrx_word' id='word_1_143' title='bbox 570 3103 605 3156; x_wconf 90' lang='lat' dir='ltr'>tu</span> <span class='ocrx_word' id='word_1_144' title='bbox 625 3088 729 3158; x_wconf 90' lang='lat' dir='ltr'>laudis</span> <span class='ocrx_word' id='word_1_145' title='bbox 750 3092 853 3183; x_wconf 92' lang='lat' dir='ltr'>origo.</span> 
     </span>
    </p>

    <p class='ocr_par' dir='ltr' id='par_1_13' title="bbox 54 3205 918 3660">
     <span class='ocr_line' id='line_1_24' title="bbox 56 3205 811 3301; baseline 0.004 -27"><span class='ocrx_word' id='word_1_146' title='bbox 56 3207 132 3274; x_wconf 90' lang='lat' dir='ltr'>Non</span> <span class='ocrx_word' id='word_1_147' title='bbox 149 3208 208 3275; x_wconf 89' lang='lat' dir='ltr'>tibi</span> <span class='ocrx_word' id='word_1_148' title='bbox 222 3221 375 3276; x_wconf 87' lang='lat' dir='ltr'>certasset</span> <span class='ocrx_word' id='word_1_149' title='bbox 389 3205 550 3301; x_wconf 88' lang='lat' dir='ltr'>juvenilia</span> <span class='ocrx_word' id='word_1_150' title='bbox 567 3207 690 3301; x_wconf 89' lang='lat' dir='ltr'>fingere</span> <span class='ocrx_word' id='word_1_151' title='bbox 710 3209 811 3278; x_wconf 92' lang='lat' dir='ltr'>corda</span> 
     </span>
     <span class='ocr_line' id='line_1_25' title="bbox 55 3326 918 3415; baseline 0.006 -21"><span class='ocrx_word' id='word_1_152' title='bbox 55 3327 224 3395; x_wconf 90' lang='lat' dir='ltr'>Nestoret</span> <span class='ocrx_word' id='word_1_153' title='bbox 243 3327 393 3396; x_wconf 90' lang='lat' dir='ltr'>indomiti</span> <span class='ocrx_word' id='word_1_154' title='bbox 408 3328 545 3396; x_wconf 83' lang='lat' dir='ltr'>Phoenix</span> <span class='ocrx_word' id='word_1_155' title='bbox 564 3326 752 3397; x_wconf 89' lang='lat' dir='ltr'>moderator</span> <span class='ocrx_word' id='word_1_156' title='bbox 772 3328 918 3415; x_wconf 88' lang='lat' dir='ltr'>alumni;</span> 
     </span>
     <span class='ocr_line' id='line_1_26' title="bbox 55 3445 917 3541; baseline 0.01 -30"><span class='ocrx_word' id='word_1_157' title='bbox 55 3445 189 3536; x_wconf 89' lang='lat' dir='ltr'>Quique</span> <span class='ocrx_word' id='word_1_158' title='bbox 205 3445 300 3514; x_wconf 88' lang='lat' dir='ltr'>tubas</span> <span class='ocrx_word' id='word_1_159' title='bbox 319 3472 427 3534; x_wconf 91' lang='lat' dir='ltr'>acres,</span> <span class='ocrx_word' id='word_1_160' title='bbox 442 3447 608 3541; x_wconf 92' lang='lat' dir='ltr'>lituosque</span> <span class='ocrx_word' id='word_1_161' title='bbox 622 3448 736 3517; x_wconf 88' lang='lat' dir='ltr'>audire</span> <span class='ocrx_word' id='word_1_162' title='bbox 753 3449 917 3520; x_wconf 87' lang='lat' dir='ltr'>volentem</span> 
     </span>
     <span class='ocr_line' id='line_1_27' title="bbox 54 3562 794 3660; baseline 0.011 -31"><span class='ocrx_word' id='word_1_163' title='bbox 54 3562 225 3650; x_wconf 78' lang='lat' dir='ltr'>AEaciden,</span> <span class='ocrx_word' id='word_1_164' title='bbox 237 3563 302 3632; x_wconf 89' lang='lat' dir='ltr'>alio</span> <span class='ocrx_word' id='word_1_165' title='bbox 317 3566 486 3660; x_wconf 87' lang='lat' dir='ltr'>frangebat</span> <span class='ocrx_word' id='word_1_166' title='bbox 499 3569 645 3637; x_wconf 88' lang='lat' dir='ltr'>carmine</span> <span class='ocrx_word' id='word_1_167' title='bbox 659 3569 794 3639; x_wconf 88' lang='lat' dir='ltr'>Chiron.</span> 
     </span>
    </p>

    <p class='ocr_par' dir='ltr' id='par_1_14' title="bbox 53 3681 913 4021">
     <span class='ocr_line' id='line_1_28' title="bbox 103 3681 913 3784; baseline 0.015 -37"><span class='ocrx_word' id='word_1_168' title='bbox 103 3681 196 3749; x_wconf 88' lang='lat' dir='ltr'>Talia</span> <span class='ocrx_word' id='word_1_169' title='bbox 213 3683 292 3750; x_wconf 95' lang='lat' dir='ltr'>dum</span> <span class='ocrx_word' id='word_1_170' title='bbox 312 3681 471 3772; x_wconf 87' lang='lat' dir='ltr'>celebras,</span> <span class='ocrx_word' id='word_1_171' title='bbox 490 3687 631 3756; x_wconf 88' lang='lat' dir='ltr'>subitam</span> <span class='ocrx_word' id='word_1_172' title='bbox 650 3689 754 3758; x_wconf 89' lang='lat' dir='ltr'>civilis</span> <span class='ocrx_word' id='word_1_173' title='bbox 770 3693 913 3784; x_wconf 89' lang='lat' dir='ltr'>Erinnys</span> 
     </span>
     <span class='ocr_line' id='line_1_29' title="bbox 54 3802 888 3902; baseline 0.007 -31"><span class='ocrx_word' id='word_1_174' title='bbox 54 3802 195 3895; x_wconf 90' lang='lat' dir='ltr'>Tarpeio</span> <span class='ocrx_word' id='word_1_175' title='bbox 215 3802 256 3869; x_wconf 92' lang='lat' dir='ltr'>de</span> <span class='ocrx_word' id='word_1_176' title='bbox 273 3817 385 3870; x_wconf 92' lang='lat' dir='ltr'>monte</span> <span class='ocrx_word' id='word_1_177' title='bbox 402 3803 522 3892; x_wconf 89' lang='lat' dir='ltr'>facem,</span> <span class='ocrx_word' id='word_1_178' title='bbox 535 3806 769 3902; x_wconf 84' lang='lat' dir='ltr'>Phlegraeaque</span> <span class='ocrx_word' id='word_1_179' title='bbox 786 3812 888 3877; x_wconf 90' lang='lat' dir='ltr'>movit</span> 
     </span>
     <span class='ocr_line' id='line_1_30' title="bbox 53 3920 821 4021; baseline 0.007 -30"><span class='ocrx_word' id='word_1_180' title='bbox 53 3920 173 3991; x_wconf 86' lang='lat' dir='ltr'>Proelia</span> <span class='ocrx_word' id='word_1_181' title='bbox 194 3920 384 4015; x_wconf 87' lang='lat' dir='ltr'>:sacrilegis</span> <span class='ocrx_word' id='word_1_182' title='bbox 403 3921 513 3991; x_wconf 90' lang='lat' dir='ltr'>lucent</span> <span class='ocrx_word' id='word_1_183' title='bbox 531 3927 693 4021; x_wconf 81' lang='lat' dir='ltr'>Capitolia</span> <span class='ocrx_word' id='word_1_184' title='bbox 709 3928 821 4016; x_wconf 70' lang='lat' dir='ltr'>tedis,</span> 
     </span>
    </p>

    <p class='ocr_par' dir='ltr' id='par_1_15' title="bbox 53 4040 891 4139">
     <span class='ocr_line' id='line_1_31' title="bbox 53 4040 891 4139; baseline 0.011 -31"><span class='ocrx_word' id='word_1_185' title='bbox 53 4045 95 4109; x_wconf 78' lang='lat' dir='ltr'>Et</span> <span class='ocrx_word' id='word_1_186' title='bbox 112 4044 278 4110; x_wconf 89' lang='lat' dir='ltr'>Senonum</span> <span class='ocrx_word' id='word_1_187' title='bbox 296 4040 398 4110; x_wconf 92' lang='lat' dir='ltr'>furias</span> <span class='ocrx_word' id='word_1_188' title='bbox 420 4043 523 4111; x_wconf 76' lang='lat' dir='ltr'>Latia</span> <span class='ocrx_word' id='word_1_189' title='bbox 541 4070 711 4139; x_wconf 89' lang='lat' dir='ltr'>sumpsere</span> <span class='ocrx_word' id='word_1_190' title='bbox 728 4049 891 4118; x_wconf 85' lang='lat' dir='ltr'>cohortes.</span> 
     </span>
    </p>
   </div>
   <div class='ocr_carea' id='block_1_4' title="bbox 0 0 1410 5258">
    <p class='ocr_par' dir='ltr' id='par_1_16' title="bbox 0 0 1410 5258">
     <span class='ocr_line' id='line_1_32' title="bbox 0 0 1410 5258; baseline 0 2"><span class='ocrx_word' id='word_1_191' title='bbox 0 0 1410 5258; x_wconf 95' lang='lat' dir='ltr'> </span> 
     </span>
    </p>
   </div>
  </div>
 </body>
</html>
