2812 5258
132 498 244 557 (tktthl
427 496 680 553 actitatfflttos
701 496 810 553 Llnssu
831 499 852 550 l.

131 624 277 693 Arrueuti
301 647 411 719 reges,
429 636 528 715 utque
542 646 671 714 miluum
687 622 849 690 moeuihus
865 624 996 705 orbem,

132 742 286 814 Consiliis
299 742 463 833 armisque
480 739 557 834 vigil
578 741 758 811 contendat
777 740 912 827 Ulixes;

132 867 249 933 Omnis
267 864 300 931 in
317 863 484 932 absentem
501 861 579 931 bolli
597 887 713 931 manus
730 862 822 932 ardet
839 864 1022 949 Achillem;

131 988 259 1055 Nomen
277 982 412 1055 Achillis
431 998 562 1067 amant,
581 998 613 1051 et
634 984 668 1051 in
684 987 827 1053 Hectora
847 983 936 1053 solus
954 982 1100 1055 Achilles
1180 1036 1186 1056 .

131 1106 280 1174 Poscitur
298 1131 305 1172 :
325 1102 418 1173 illum
440 1126 544 1171 unum
559 1103 695 1170 Teucris
710 1102 907 1196 Priamoque
924 1103 1108 1197 loquuntur

131 1225 298 1293 Fatalem:
316 1224 391 1317 quis
409 1225 495 1291 enim
513 1224 693 1291 Haemoniis
709 1224 770 1294 suh
789 1222 930 1292 vallibus
947 1223 1029 1293 alter

130 1347 297 1429 Creverit,
316 1343 434 1412 effossa
453 1357 587 1437 reptans
604 1343 703 1413 nivei>
718 1344 813 1437 cujus
827 1344 868 1412 ab
886 1358 962 1412 ortu

131 1465 244 1535 Cruda
261 1463 448 1532 rudimenta
464 1478 499 1531 et
518 1478 648 1532 teneros
665 1463 855 1533 formaverit
873 1488 978 1533 annos

131 1580 341 1653 Centaurus?
357 1584 455 1677 patrii
474 1584 611 1678 propior
623 1585 678 1652 cui
698 1583 783 1654 linea
800 1582 898 1654 cmii?

130 1706 279 1792 Quemve
294 1700 397 1771 alium
417 1704 548 1797 Stygios
564 1701 677 1773 tulerit
697 1719 822 1774 secreta
839 1730 897 1799 per
917 1730 1029 1775 amnes

131 1823 271 1896 Nereis?
287 1839 321 1892 et
336 1822 493 1917 pulchros
511 1823 599 1893 lerro
614 1824 843 1918 perstrinxerit
861 1827 978 1895 auus?

130 1950 207 2014 Haec
225 1945 334 2014 Graiae
353 1944 468 2012 castris
488 1945 626 2028 iterant,
645 1940 846 2035 traduntque
864 1945 1027 2014 cohortes.

131 2065 227 2134 Cedit
247 2064 344 2132 turba
363 2060 505 2148 ducum,
523 2063 676 2155 vincique
693 2061 782 2130 haud
802 2076 917 2131 moesta
933 2063 1066 2133 fatetur.

182 2184 237 2252 Sic
252 2206 356 2275 quum
373 2177 531 2250 bellantes
547 2178 714 2277 Phlegraea
731 2182 765 2249 in
781 2196 888 2250 castra
903 2183 1031 2250 coirent

129 2300 311 2386 celicola,
325 2301 459 2394 jamque
474 2300 650 2394 Odrysiam
667 2301 835 2372 Gradivus
851 2303 885 2370 in
904 2300 1031 2371 hastam

130 2427 305 2515 Surgeret,
321 2435 354 2488 et
373 2421 512 2514 Libycos
525 2422 674 2490 Tritonia
692 2420 820 2491 tolleret
837 2447 982 2517 angues,

130 2524 367 2635 lugentemque
387 2563 489 2608 manu
511 2555 664 2641 curvaret
682 2540 798 2611 Delius
817 2566 953 2627 arcum;

131 2662 245 2731 Stabat
266 2658 383 2729 anhela
401 2674 491 2727 metu
511 2658 619 2729 solum
633 2662 764 2730 Natura
780 2664 966 2730 Tonantem

132 2781 341 2873 Respiciens3
357 2776 492 2873 quando
513 2775 567 2846 ille
582 2779 706 2848 hiemes
722 2783 931 2874 tonitrusque
945 2796 1078 2853 vocaret

131 2900 301 2984 Nubibus,
320 2898 492 2993 igniferam
511 2923 585 2991 quac
603 2896 743 2968 hilarina
761 2917 912 2995 posceret
930 2903 1072 2971 AEtnanr.

178 3023 287 3112 Atque
303 3019 350 3087 ibi
369 3018 448 3086 dum
466 3019 569 3088 mixta
588 3017 699 3088 vallati
720 3018 815 3114 plebe
832 3046 967 3091 suorum

131 3141 173 3207 Et
192 3140 290 3207 maris
307 3152 340 3206 et
356 3135 435 3205 bclli
454 3137 642 3207 consultant
663 3154 811 3234 tempora
828 3165 941 3236 reges,

130 3259 338 3351 lucrepitans
357 3282 477 3352 magno
499 3272 605 3327 vatem
624 3258 804 3331 Calchanta
824 3260 989 3347 tumultu,

130 3377 329 3447 Protesilaus
346 3380 393 3447 ait
409 3378 580 3473 (namque
592 3379 671 3449 huic
688 3379 812 3451 bellare
828 3382 951 3477 cupido

131 3498 319 3592 Praecipua,
336 3513 371 3569 et
388 3501 503 3594 primae
519 3499 589 3593 jam
606 3514 687 3569 tunc
706 3499 785 3570 data
800 3504 896 3598 copia
912 3504 1055 3598 mortis)
1069 3533 1076 3572 :

181 3645 197 3678 «
216 3619 247 3685 Ο
264 3618 403 3687 nimium
419 3619 552 3704 Phoebi,
570 3620 804 3717 tripodumque
821 3622 922 3695 oblite
940 3638 1091 3711 tuorum,

130 3733 341 3805 Thestoride!
361 3738 495 3831 quando
513 3762 573 3807 ora
592 3742 665 3808 Deo
682 3765 832 3833 possessa
851 3744 998 3813 movebis

128 3854 277 3923 iustius?
294 3870 352 3924 aut
370 3858 504 3950 quando
521 3863 701 3929 Parcarum
720 3859 851 3932 occulta
868 3863 1039 3932 recludes?

130 3977 263 4063 Cernis,
283 3991 320 4044 ut
340 3977 491 4070 ignotum
511 3981 623 4049 cuncti
642 3995 861 4075 stupeantque
880 3996 1062 4076 petantque

133 4094 313 4165 diarideu?
334 4095 445 4165 sordet
466 4094 566 4191 vulgo
583 4096 788 4191 Calydonius
803 4101 919 4186 heros,

969 4220 1019 4289 18.
