2812 5258
68 470 99 530 [v.
117 467 183 529 ηδ.)
281 511 283 514 .
366 464 575 520 Tflussntuos
596 464 704 519 LIBER
726 464 789 518 XII.
1039 463 1093 534 ²37

68 594 127 660 His
146 590 250 684 placet
268 593 383 659 Actaeae
404 593 429 657 si
449 589 526 682 quid
546 587 721 656 clementia
741 589 847 682 gentis

66 715 200 780 annuat
221 724 428 778 :extremum
450 733 620 789 curarum,
637 731 675 774 ac
695 721 791 799 turpe
806 708 934 774 reverti.

114 832 157 898 At
174 854 240 897 non
262 828 407 896 femineae
422 828 567 896 subitum
587 829 718 906 virtutis
735 827 895 895 honorem

67 947 201 1043 Colligit
222 950 337 1042 Argia,
357 972 500 1039 sexuque
516 947 657 1014 immane
674 945 789 1015 relicto

66 1070 199 1136 Tractat
217 1092 300 1161 opus
322 1093 329 1134 :
348 1066 456 1160 placet
472 1067 593 1160 egregii
612 1089 683 1159 spes
704 1065 787 1134 dura
808 1065 921 1161 pericii

68 1189 225 1256 Cominus
244 1186 369 1254 infandi
390 1185 477 1278 leges
498 1185 653 1253 accedere
671 1186 764 1279 regni
785 1211 792 1252 :

67 1309 144 1395 Quo
162 1306 340 1399 Rhodopes
359 1328 425 1372 non
445 1302 650 1391 altannus,
669 1330 729 1373 nec
748 1303 881 1373 alumna
897 1306 999 1372 nivosi

66 1425 231 1510 Phasidis,
250 1425 400 1517 innuptis
418 1421 536 1491 vallata
553 1421 759 1510 cohortibus,
779 1426 849 1492 iret.

66 1547 160 1612 Tunc
181 1559 288 1612 movet
304 1558 374 1612 arte
392 1542 523 1628 dolum,
545 1567 610 1635 qno
630 1558 730 1611 semet
746 1545 788 1611 ab
809 1544 939 1637 agmine
958 1542 1023 1610 hdo

66 1667 239 1756 Segreget‚
262 1664 467 1756 immitesque
487 1666 590 1748 Deos,
613 1686 785 1755 regemque
805 1678 981 1732 cruentum

68 1784 271 1851 Contemtrix
292 1784 426 1869 animae,
446 1799 478 1851 et
497 1807 617 1876 magno
636 1783 810 1850 temeraria
827 1782 917 1852 luctu

66 1903 228 1969 Provocet
249 1928 256 1968 :
278 1902 454 1969 hortantur
472 1904 588 1995 pietas,
608 1902 765 1993 ignesque
787 1900 908 1993 pudici.

66 2022 139 2112 Ipse
159 2021 256 2087 etiam
276 2034 351 2087 ante
367 2018 479 2087 oculos
497 2022 587 2087 omni
605 2018 796 2087 manifestus
816 2021 850 2086 in
869 2035 944 2088 actu

65 2141 164 2206 Nunc
182 2140 300 2232 hospes
322 2140 459 2223 miserae,
478 2140 598 2231 primas
619 2162 706 2206 nunc
723 2162 862 2232 sponsus
880 2138 921 2206 ad
942 2163 1035 2225 aras,

65 2260 164 2325 Nunc
185 2259 272 2325 mitis
292 2259 428 2350 conjux,
447 2283 535 2326 nunc
549 2259 618 2349 jam
638 2257 698 2325 sub
716 2257 838 2325 casside
854 2273 947 2326 torva

66 2380 202 2445 Moestus
221 2381 254 2444 in
272 2375 442 2470 amplexu,
462 2375 668 2470 multumque
685 2402 705 2445 a
721 2375 833 2445 limine
849 2403 979 2446 summo

66 2498 252 2589 Respiciens
271 2523 278 2563 :
299 2495 355 2564 sed
374 2495 463 2565 nulla
477 2498 589 2565 animo
609 2497 802 2566 observatur
818 2499 926 2592 imago

66 2615 231 2697 Crebrior‚
251 2617 347 2686 Aonii
365 2641 464 2709 quam
482 2641 554 2709 quae
573 2616 614 2683 de
632 2618 792 2711 sanguine
811 2621 919 2711 campi

66 2733 163 2803 Nuda
183 2737 288 2819 venit,
308 2736 476 2829 poscitque
495 2759 592 2829 rogos
613 2761 620 2801 :
642 2735 692 2804 his
711 2738 808 2804 anxia
829 2751 974 2806 mentem

66 2854 225 2944 AEgrescit
244 2856 350 2937 curis,
368 2869 416 2942 et,
436 2854 493 2947 qui
509 2856 707 2923 castissimus
723 2855 832 2944 ardor,

65 2973 177 3039 Funus
195 2988 284 3040 amat
305 2999 312 3039 :
333 2987 411 3042 tunc
431 2973 473 3041 ad
490 2975 624 3043 comites
645 2999 800 3044 conversa
819 2976 997 3070 Pelasgas:

112 3119 128 3152 α
140 3093 227 3178 Vos,
248 3093 308 3174 ait,
324 3096 446 3161 Actaeas
464 3096 567 3174 acies,
587 3095 862 3189 Marathoniaque
877 3121 967 3165 arma

65 3208 200 3296 Elicio,
221 3211 428 3306 adspiretque
449 3214 503 3305 pio
524 3213 656 3283 fortuna
674 3213 788 3283 labori.

64 3331 121 3398 Mc
142 3333 237 3400 sinite
254 3333 416 3426 Ogygias,
435 3347 534 3400 tantae
551 3358 622 3426 quae
638 3333 706 3402 sola
726 3337 829 3403 ruinae

64 3452 171 3516 Causa
188 3450 254 3535 fui,
274 3466 446 3544 penetrare
463 3451 597 3540 domos,
614 3469 647 3523 et
662 3453 801 3522 fulmina
818 3457 910 3550 regni

64 3565 173 3634 Prima
191 3571 283 3660 pati:
307 3595 366 3639 nec
388 3571 486 3640 surda
507 3571 581 3640 ferre
601 3572 804 3666 pulsabimus
824 3577 914 3644 urbis

63 3684 192 3752 Limina
213 3703 314 3756 :sunt
335 3688 401 3758 illic
417 3693 521 3760 soceri
542 3691 640 3780 mihi,
661 3709 803 3787 suntque
823 3721 951 3765 sorores

64 3804 243 3898 Conjngis‚
261 3822 294 3873 et
311 3810 441 3878 Thebas
458 3811 546 3878 haud
563 3814 746 3906 ignoranda
764 3816 892 3884 subibo.

63 3921 114 3988 Ne
135 3936 263 3991 tantum
284 3944 436 3995 revocate
455 3928 574 4021 gradus
594 3956 601 3998 :
619 3930 675 4000 iilo
693 3935 836 4027 impetus
856 3936 987 4027 ingens,

63 4043 314 4137 Auguriumque
333 4045 443 4113 animi.
461 4076 478 4110 n
496 4048 564 4118 Nec
580 4047 674 4142 plura
687 4077 695 4116 :
710 4075 879 4143 unumque
897 4055 1080 4139 Menoeten,
