2812 5258
282 435 337 496 *ll
577 422 785 484 Tflssssamos
806 428 917 483 LIBER
938 428 1003 482 ΧΗ.
1201 426 1319 491 (ndns.)

330 557 407 622 Haec
421 553 534 647 prior:
553 553 607 621 hic
623 553 746 645 pariter
761 551 880 646 lapsae,
894 553 1078 645 junctoque
1095 575 1153 643 per
1171 551 1282 643 ipsum

281 672 466 767 Amplexu,
484 674 623 741 miscent
642 671 746 740 avidae
762 670 1009 767 lacrymasque,
1028 696 1225 765 comasque,

280 794 476 885 Partitaeque
497 806 587 859 artus
606 789 890 872 redeuntgalterna
909 807 1076 886 gementes

280 911 330 983 Ad
350 910 496 998 vultum,
514 925 546 978 et
566 936 642 979 cara
660 912 788 979 vicibus
807 912 935 980 cervice
951 911 1118 980 fruuntur.

279 1035 434 1124 Dumque
446 1031 546 1098 modo
558 1032 626 1099 haec
640 1030 776 1099 fratrem
788 1046 964 1116 memorat,
975 1056 1063 1099 nunc
1076 1031 1132 1100 illa
1144 1035 1317 1120 maritum,

279 1154 464 1243 Mutuaque
484 1175 607 1220 exorsae
623 1151 772 1237 Thebas,
790 1157 962 1245 Argosque
980 1167 1172 1238 renarrant,

278 1272 427 1365 Longius
445 1273 544 1366 Argia
566 1273 702 1341 miseros
723 1273 944 1340 reminiscitur
962 1286 1078 1340 actus:

278 1394 373 1462 «Per
392 1393 452 1460 tihi
470 1391 583 1459 furtivi
602 1415 732 1459 sacrum
750 1416 926 1460 commune
946 1391 1088 1478 doloris,

277 1517 340 1583 Per
362 1515 467 1581 socios
485 1515 619 1598 Manes,
639 1526 671 1581 et
689 1513 821 1580 conscia
841 1513 947 1582 sidera
962 1515 1058 1606 juro;

277 1636 355 1705 Non
374 1634 428 1702 hic
448 1635 602 1717 amissos,
619 1656 810 1725 quanquam
833 1659 935 1728 vagus
957 1632 1068 1720 exsul,
1084 1635 1243 1722 honores,

277 1755 354 1822 Non
373 1751 494 1848 gentile
511 1751 640 1840 solum,
658 1777 743 1821 carae
761 1778 829 1822 non
848 1769 983 1847 pectora
1001 1760 1131 1843 matris,

276 1877 323 1942 Te
341 1874 476 1966 cupiens
493 1897 614 1957 unam,
633 1887 829 1966 noctesque,
848 1872 1005 1966 diesque,
1025 1873 1156 1944 locutus

277 1994 490 2088 Antigonen:
509 2018 572 2088 ego
591 2017 672 2062 cura
689 1994 809 2078 minor,
828 1992 999 2087 facilisque
1018 1994 1169 2089 relinqui.

275 2117 327 2182 Tu
346 2129 455 2182 tamen
474 2111 600 2181 excelsa
618 2110 768 2181 sublimis
789 2112 925 2182 forsitan
944 2139 1037 2201 arce,

275 2237 363 2303 Ante
383 2233 474 2303 nefas
491 2235 602 2302 Graiis
620 2232 753 2302 dantem
772 2233 890 2302 vexilla
910 2235 1063 2329 maniplis

276 2354 418 2440 Vidisti,
439 2366 536 2444 teque
555 2349 610 2419 ille
628 2352 700 2419 acie
718 2353 860 2443 respexit
879 2353 921 2419 ab
941 2354 1012 2445 ipsa

275 2477 360 2542 Ense
377 2467 571 2556 salutatam,
589 2483 622 2536 et
639 2470 786 2537 nutantis
805 2471 928 2538 vertice
947 2474 1023 2540 coni
1042 2500 1049 2540 :

275 2594 344 2661 Nos
362 2588 477 2683 procul
497 2615 505 2657 ε
523 2576 686 2657 extremas
703 2588 760 2657 sed
779 2589 853 2684 quis
871 2593 962 2661 Deus
980 2594 1046 2687 egit
1067 2594 1100 2659 in
1122 2594 1210 2662 iras?

275 2711 331 2781 Nil
347 2726 463 2780 vestrae
481 2709 614 2780 valuere
631 2713 770 2806 preces?
788 2715 892 2783 tibine
910 2715 971 2782 iste
992 2715 1125 2807 negavit

274 2829 415 2902 Oranti?
427 2861 444 2896 »
461 2834 586 2901 Causas
605 2857 644 2902 ac
660 2835 768 2903 tristia
788 2834 925 2902 reddere
946 2833 1030 2901 facta

274 2956 428 3046 Coeperat
448 2953 640 3047 Antigone:
662 2954 748 3023 fidus
767 2979 874 3024 comes
894 2952 1049 3021 admonet
1069 2955 1183 3023 ambas
1204 2982 1211 3022 :

274 3079 367 3143 «Eia
386 3077 475 3168 agite
494 3075 662 3168 inceptum
681 3072 809 3169 potius!
825 3076 893 3166 jam
910 3074 1019 3142 sidera
1040 3075 1165 3170 pallent

273 3196 393 3262 Vicino
412 3195 546 3263 turbata
567 3194 619 3261 die
636 3221 644 3262 ε
664 3194 806 3287 perferte
827 3191 993 3282 laborem,

272 3317 416 3406 Tempus
435 3316 499 3382 erit
516 3314 666 3408 lacrymis
684 3340 691 3381 :
711 3336 848 3381 accenso
868 3313 988 3383 flebitis
1008 3317 1125 3410 igne.»

322 3432 419 3502 Haud
438 3433 554 3527 procul
571 3433 693 3502 Ismeni
710 3434 939 3502 monstrabant
956 3459 1130 3502 murmura
1147 3436 1254 3528 ripas,

273 3554 341 3640 Qui
362 3553 513 3621 turbatus
531 3552 640 3621 adhuc
661 3567 694 3620 et
711 3555 873 3647 sanguine
892 3552 1027 3623 decolor
1046 3555 1123 3622 ibat.

271 3676 347 3740 Huc
367 3672 490 3741 laceros
507 3687 598 3740 artus
617 3674 707 3741 socio
726 3676 901 3742 conamine
919 3689 1056 3767 portant

271 3790 446 3878 Invalida,
463 3793 641 3885 jungitque
658 3818 767 3862 comes
785 3820 852 3862 non
871 3794 991 3862 fortior
1007 3793 1112 3862 ulnas.

272 3914 326 3982 Sic
345 3912 588 4006 Hyperionium
605 3913 716 4006 tepido
736 3913 942 3982 Phaethonta
963 3939 1093 3982 sorores

272 4037 466 4104 Fumantem
482 4031 593 4104 lavere
610 4033 701 4104 Pado
719 4061 726 4102 :
747 4037 803 4102 vix
821 4034 902 4102 dum
923 4033 977 4103 ille
996 4035 1148 4129 sepulcro
