2812 5258
83 454 194 520 (ιὸὅὸ.)
390 450 603 506 THEBAIDOS
626 449 734 503 LIBER
754 449 804 503 XI.
1057 464 1111 516 πη

85 577 216 646 Flebilis
235 579 347 647 Aoniae
368 574 485 644 solium
506 601 513 642 :
531 599 593 667 pro
611 574 731 643 blanda
748 588 907 667 potestas,

84 702 127 766 Et
147 701 265 790 sceptri
288 694 371 764 male
390 695 511 764 suadus
529 692 639 763 amor!
660 717 874 786 nunquamne
894 694 1042 784 priorum

85 819 266 886 Haerebunt
283 816 483 885 documenta
500 815 612 884 novis?
623 817 719 907 juvat
737 839 812 883 ecce
829 813 955 881 nefasto

86 940 179 1006 Stare
197 936 284 1018 loco,
303 939 515 1032 regimenque
535 960 635 1004 manu
655 950 797 1003 tractare
815 948 998 1002 cruentum.

87 1059 176 1147 Quid
196 1056 312 1125 melior
327 1061 473 1125 Fortuna
491 1055 621 1148 potest?
635 1057 704 1146 jam
723 1054 852 1122 flectere
872 1069 996 1147 patrem

85 1181 228 1271 Incipit,
248 1191 347 1269 atque
367 1176 451 1244 datis
472 1173 602 1243 abolere
622 1177 789 1243 Menoecea
809 1176 929 1268 regnis.

86 1298 234 1366 Primum
252 1297 334 1364 adeo
351 1298 444 1363 saevis
463 1295 609 1364 imbutus
629 1294 797 1363 amoribus
816 1292 915 1375 aulae,

86 1418 252 1485 Indicium
270 1417 499 1509 specimenque
517 1417 582 1502 sui,
602 1416 697 1505 jubet
715 1417 790 1509 igne
809 1438 964 1508 supremo

86 1538 200 1606 Arceri
219 1540 370 1623 Danaos,
388 1536 544 1629 nudoque
561 1537 623 1604 sub
640 1559 701 1604 axe
717 1533 860 1628 relinqui

86 1660 202 1729 Infelix
221 1659 363 1746 bellum,
381 1673 414 1727 et
430 1661 540 1729 tristes
556 1662 626 1728 sine
644 1659 775 1728 sedibus
792 1659 934 1728 umbras.

134 1782 214 1849 Mox
228 1779 383 1849 reducem
402 1780 539 1875 Ogygiae
558 1804 751 1874 congressus
773 1777 885 1847 limine
905 1793 1011 1872 portae

86 1899 287 1992 OEdipoden
307 1900 418 1968 timuit
432 1897 599 1991 paullum,
619 1922 754 1990 seseque
769 1899 931 1966 minorem

86 2019 264 2088 Confessus
285 2018 397 2101 tacite,
416 2031 644 2110 promtumque
662 2019 808 2086 coercuit
825 2020 918 2085 iram.

87 2141 168 2206 Mox
188 2136 272 2205 redit
290 2140 324 2205 in
342 2161 470 2231 regem,
489 2160 679 2228 caecumque
697 2136 893 2204 audentibus
912 2135 1039 2204 hostem

87 2260 311 2351 Increpitans,
332 2256 497 2343 «Procul,
518 2258 648 2350 inquit,
666 2257 720 2326 abi
740 2258 919 2326 victoribus
940 2279 1038 2322 omen

86 2379 252 2463 Invisum,
273 2394 304 2447 et
325 2380 440 2446 Furias
459 2392 591 2461 averte,
609 2401 647 2447 ac
665 2379 785 2446 moenia
804 2377 908 2446 lustra

88 2501 241 2567 Discessu
257 2498 413 2566 Thebana
433 2513 490 2566 tuo
509 2525 516 2565 :
538 2522 612 2591 spes
629 2496 728 2591 longa
748 2512 881 2592 peracta
899 2511 955 2566 est

88 2619 194 2704 Vade,
209 2619 320 2711 jacent
337 2620 407 2685 nati
429 2643 436 2683 :
456 2642 529 2709 quae
544 2618 615 2708 jam
634 2619 694 2685 tibi
712 2632 789 2685 vota
810 2614 1039 2710 supersuntls

135 2740 275 2807 Horruit
297 2741 453 2806 instinctu
473 2736 609 2822 rabido,
629 2751 855 2830 steteruntque
875 2750 1067 2822 trementes,

88 2861 157 2928 Ceu
169 2860 240 2926 visu
256 2873 430 2951 praesente,
451 2881 558 2951 genae,
579 2859 771 2949 seniumque
788 2858 928 2925 recessit.

87 2980 181 3046 Tunc
199 2992 310 3046 natam
328 2978 549 3071 baculumque
565 3001 664 3044 mauu
684 2976 823 3063 dimisit,
843 2992 876 3048 et
892 2977 947 3046 irae

88 3099 244 3182 Innixus,
267 3099 394 3166 tumido
413 3125 527 3168 vocem
546 3099 588 3167 de
608 3114 740 3192 pectore
754 3099 906 3192 rumpit:

138 3246 155 3280 a
168 3221 286 3286 Iamne
304 3233 399 3286 vacat
413 3221 544 3307 saevire,
563 3219 693 3290 Creon?
711 3219 811 3287 modo
828 3217 954 3311 perfida
973 3241 1075 3311 regna

89 3340 309 3431 Fortunaeque
329 3335 439 3406 locum
454 3353 587 3425 nostrae,
605 3339 808 3426 miserande,
827 3340 961 3424 subisti,

89 3459 132 3524 Et
149 3458 208 3524 tibi
221 3460 289 3550 jam
308 3457 355 3527 fas
374 3475 424 3528 est
442 3484 559 3554 regum
578 3459 704 3529 calcare
723 3458 857 3529 ruinas?

89 3577 163 3641 Iam
183 3577 317 3647 tumulis
332 3581 450 3667 victos,
469 3582 573 3649 socios
589 3582 657 3673 jam
679 3584 843 3651 moenibus
861 3579 974 3650 arces?

91 3695 221 3775 Macte,
241 3711 333 3788 potes
352 3697 452 3794 digne
466 3701 655 3769 Thebarum
674 3718 802 3795 sceptra
820 3705 916 3771 tueri.

90 3816 168 3881 Haec
188 3829 243 3881 tua
260 3818 368 3909 prima
386 3818 480 3887 dies:
502 3820 558 3888 sed
579 3844 639 3888 cur
656 3845 742 3889 nova
757 3823 923 3890 contrahis
943 3845 1055 3890 amens

90 3933 195 4001 Iura?
215 3935 295 4026 quid
317 3953 455 4031 anguste
475 3953 581 4007 tantos
601 3943 726 4010 metiris
743 3939 907 4009 honores?

92 4052 253 4122 Exsilium
275 4055 440 4126 intendis?
454 4058 568 4127 timida
585 4059 797 4128 inclementia
816 4083 930 4152 regum

926 4179 977 4249 15.
