2812 5258
192 453 224 502 t'·
236 443 303 506 ⁵⁹³·l
507 443 714 500 mutaturos
735 443 841 498 LIBER
863 446 884 498 1.
1150 438 1203 512 189

191 568 289 633 Tecta
309 564 426 658 replet,
446 590 647 659 vacuumque
667 564 773 632 ferens
793 563 955 632 velamine
973 578 1084 656 pectus

191 683 343 750 Occurrit
361 682 504 750 confessa
524 684 631 775 patri:
649 707 707 750 nec
728 697 851 767 motus,
867 698 900 750 et
919 697 991 750 atro

189 803 348 893 Imperat,
367 797 554 867 infandum!
577 802 759 893 cupientem
778 801 968 869 occumbere
988 798 1063 867 leto.

191 919 271 985 Sero
289 941 413 985 memor
430 915 578 1003 thalami,
596 932 716 985 moestae
736 917 850 985 solatia
870 918 984 1002 morti,

191 1034 329 1120 Phoebe,
346 1059 462 1127 paras:
479 1049 661 1103 monstrum
676 1034 816 1102 infandis
832 1035 1016 1103 Acheronte
1029 1034 1089 1102 sub
1107 1035 1172 1101 imo

192 1156 391 1245 Conceptum
410 1151 629 1221 Eumenidum
650 1151 823 1220 thalamis:
841 1155 892 1220 cui
911 1154 1046 1245 virginis
1064 1176 1140 1237 ora,

191 1273 403 1364 Pectoraque,
422 1284 577 1338 aeternum
595 1270 734 1337 stridens
751 1295 769 1338 a
790 1270 911 1337 vertice
927 1271 1030 1363 surgit

191 1392 235 1457 Et
251 1389 466 1482 ferrugineam
485 1389 625 1456 frontem
647 1389 848 1456 discriminat
863 1389 991 1480 anguis.

191 1509 268 1575 Hac
284 1520 350 1574 tam
371 1506 441 1575 dira
457 1505 525 1575 lues
541 1521 701 1574 nocturno
719 1505 866 1598 squalida
883 1529 981 1599 passu

191 1621 284 1692 lllabi
300 1622 462 1709 thalamis,
481 1625 670 1715 animasque
689 1647 707 1691 a
726 1625 826 1715 stirpe
845 1636 990 1691 recentes

190 1741 347 1833 Abripere
363 1740 513 1808 altricum
532 1741 677 1833 gremiis,
694 1764 871 1833 morsuque
887 1752 1023 1808 cruento

191 1860 349 1942 Devesci,
369 1871 402 1924 et
419 1855 559 1924 multum
580 1858 686 1950 patrio
705 1859 912 1950 pinguescere
931 1855 1033 1924 luctu.

191 1973 289 2041 Haud
309 1973 383 2041 tulit
402 1998 568 2041 armorum
585 1988 743 2065 praestans·
756 1976 919 2066 animique
938 1972 1110 2057 Coroebus,

191 2095 296 2185 Seque
315 2090 403 2161 ultro
422 2090 512 2160 lectis
525 2092 702 2184 juvenum,
718 2093 775 2183 qui
792 2091 909 2159 robore
926 2093 1023 2183 primi

190 2214 323 2279 Famam
339 2209 523 2303 posthabita
538 2206 645 2276 faciles
661 2207 834 2275 extendere
854 2208 933 2295 vita,

190 2328 344 2397 Obtulit:
364 2326 420 2397 illa
434 2351 536 2395 novos
552 2326 620 2393 ibat
638 2322 792 2418 populata
812 2338 944 2416 penates

189 2451 362 2516 Portarum
378 2448 411 2514 in
427 2446 538 2513 bivio:
558 2442 649 2512 lateri
666 2443 731 2510 duo
744 2466 882 2535 corpora
899 2466 1034 2536 parvum

191 2567 405 2660 Dependent,
425 2578 458 2633 et
474 2565 542 2656 jam
562 2586 646 2630 unca
662 2585 777 2629 manus
795 2559 946 2629 vitalibus
966 2562 1083 2651 haeret,

191 2687 378 2776 Ferratique
396 2705 521 2776 unguet
536 2684 648 2751 tdnero
663 2681 722 2747 sub
744 2679 841 2747 corde
859 2693 1040 2772 tepescunt.
1109 2743 1115 2749 .

189 2803 313 2873 Obvius
333 2801 425 2887 huic,
443 2797 527 2867 latus
543 2822 639 2866 omne
654 2799 762 2864 virum
778 2797 918 2887 stipante
932 2817 1071 2880 corona,

188 2925 221 2989 It
235 2920 382 3012 juvenis,
402 2917 589 3010 ferrumque
604 2918 717 3008 ingens
734 2915 794 2981 sub
813 2927 942 3005 pectore
959 2911 1031 2980 diro

188 3035 371 3106 Condidit:
388 3050 487 3129 atque
507 3036 586 3102 imas
601 3034 717 3101 animae
737 3055 893 3100 mucrone
912 3055 1049 3100 corusco
1112 3024 1115 3028 ⁴

192 3160 363 3224 Scrutatus
377 3152 531 3240 latebras,
549 3150 681 3221 tandem
697 3174 754 3218 sua
770 3164 914 3218 monstra
928 3150 1091 3243 prolimdo

190 3282 311 3351 Reddit
333 3280 453 3351 habere
468 3283 540 3352 Jovi
558 3308 566 3351 ε
582 3283 677 3375 juvat
696 3269 764 3370 ire,
781 3299 814 3351 et
831 3284 933 3350 visere
943 3285 1035 3376 juxta

188 3401 343 3467 Liventes
361 3403 394 3467 in
416 3418 520 3472 morte
535 3401 662 3484 oculos,
681 3402 832 3495 uterique
852 3399 1022 3468 nefandam

187 3515 396 3604 Proluviem,
416 3532 450 3585 et
468 3543 576 3588 crasso
594 3519 776 3615 squalentia
796 3533 928 3611 pectora
950 3517 1044 3604 tabo,

187 3637 264 3724 Qua
285 3649 403 3702 nostrae
422 3635 565 3705 cecidere
584 3641 698 3707 animae
713 3663 721 3706 :
736 3651 844 3730 stupet
863 3636 984 3704 Inacha
1000 3636 1121 3728 pubes:

185 3755 374 3848 Magnaque
394 3766 469 3846 post
489 3753 644 3845 lacrymas
659 3759 836 3826 etiamnum
857 3753 974 3850 gaudia
994 3751 1128 3845 pallent.

185 3874 230 3941 Ili
248 3874 396 3942 trabibus
417 3874 526 3958 duris,
547 3869 660 3941 solatia
672 3899 757 3942 vana
772 3874 895 3961 dolori,

182 3993 356 4059 Proterere
376 3992 541 4060 exanimes
560 4002 665 4076 artus,
684 4014 860 4083 asprosque
879 3990 1017 4060 molares
