2812 5258
188 411 220 472 (v.
236 411 305 474 ὅθι.)
491 408 743 465 renunculos
763 407 874 462 LIBER
897 409 918 463 1.
1161 428 1217 483 ²79

186 535 382 629 Sanguinis,
401 548 434 601 et
456 556 549 600 veros
568 557 724 626 germana
743 531 874 624 expavit
892 555 1028 599 amores.

187 654 334 724 Tandem
353 651 474 721 detecti
493 649 614 723 timidae
630 650 792 721 Nereidos
808 666 908 719 astus.

236 777 348 844 Lucus
364 772 527 868 Agenorei
547 770 697 841 sublimis
717 770 759 838 ad
778 772 871 864 orgia
888 770 1009 841 Bacchi

186 893 317 981 Stabat,
336 908 371 963 et
386 892 566 963 admissum
586 890 668 960 coeln
687 915 803 959 nemus
823 917 831 959 ε
853 891 951 982 hujus
970 891 1003 958 in
1021 890 1137 961 umbra

187 1012 361 1083 Alternum
379 1035 535 1081 revocare
553 1013 613 1104 piae
630 1011 811 1079 Tricterica
828 1024 947 1079 matrcs

186 1135 413 1218 consuerant,
432 1131 636 1231 scissumque
658 1152 773 1221 pecus,
793 1143 946 1222 terraque
966 1128 1111 1201 revulsas

186 1257 283 1322 Ferre
303 1251 432 1335 trahes,
451 1263 629 1342 gratosque
647 1251 720 1318 Deo
737 1261 892 1341 prestare
908 1247 1045 1319 furores.

185 1376 255 1441 Lex
273 1366 389 1462 procul
410 1369 458 1438 ire
478 1391 584 1437 mares
603 1391 611 1435 :
631 1368 729 1438 iterat
750 1382 914 1461 praecepta
934 1367 1093 1439 verendus

185 1493 328 1573 Ductor,
347 1488 613 1579 inaccessumque
630 1486 709 1560 viris
728 1485 870 1556 edicitur
890 1502 1033 1557 antrum.

186 1610 255 1678 Nec
270 1607 348 1677 sotis
365 1621 417 1677 est
434 1632 442 1674 ε
458 1620 524 1677 stat
540 1605 607 1678 line
621 1605 700 1677 dato
715 1604 893 1675 metuenda
908 1606 1077 1693 sacerdos,

185 1724 406 1819 Exploretque
419 1725 546 1813 aditus,
562 1750 605 1797 ne
621 1727 696 1819 quis
716 1740 895 1795 temerator
909 1727 1042 1798 oberret

184 1846 324 1939 Agmine
341 1845 484 1915 femineo
504 1871 512 1912 τ
532 1846 652 1915 tacitus
669 1845 805 1913 subrisit
822 1842 977 1915 Achilles.

185 1962 300 2051 Illum,
318 1965 473 2058 virgineae
487 1962 660 2033 ducentem
678 1964 772 2056 signa
790 1978 943 2050 catervae,

186 2084 375 2177 Magnaque
392 2080 517 2151 difficili
534 2080 714 2151 solventem
731 2081 866 2153 brachia
883 2098 992 2164 motu,

185 2203 250 2294 (Et
266 2226 361 2270 sexus
374 2202 499 2295 pariter
514 2202 627 2288 decet,
644 2217 677 2269 ct
693 2201 863 2272 mendacia
880 2205 994 2279 matris
1005 2203 1035 2297 l,

186 2321 353 2389 Mirantur
368 2322 505 2390 comites
523 2346 531 2389 :
551 2345 611 2389 nec
622 2322 694 2415 jam
715 2319 934 2415 pulcherrima
952 2323 1054 2392 turhae

186 2441 357 2511 Deidamia
377 2465 460 2527 sue,
479 2455 675 2533 tantumque
692 2442 824 2512 admota
841 2442 984 2537 superbo

187 2562 341 2630 Vincitur
356 2559 508 2642 AEacide.
527 2575 690 2655 quantum
709 2564 831 2654 premit
846 2563 916 2655 ipsa
935 2588 1077 2633 sorores.

186 2680 233 2750 Ut
251 2704 328 2749 vero
346 2704 366 2747 a
384 2681 478 2748 tereti
497 2677 628 2747 demisit
647 2679 785 2755 nebrida
804 2679 908 2768 collo,

186 2800 408 2891 Errantesque
426 2799 518 2867 sinus
536 2795 657 2867 hedera
674 2796 828 2891 collegit,
846 2813 880 2869 et
896 2799 964 2871 alte

186 2919 298 2986 Cinxit
317 2919 492 3011 purpureis
510 2917 664 2993 flaventia
685 2931 834 3011 tempora
853 2920 959 3007 vittis,

187 3036 402 3128 vibravitque
418 3037 508 3129 gravi
525 3035 715 3113 redimitum
731 3036 851 3107 nussile
866 3039 999 3126 dextra3

186 3156 338 3224 Attonito
354 3168 419 3222 stat
437 3154 536 3223 turha
555 3172 663 3244 metu,
681 3157 848 3250 sacrisque
865 3157 990 3233 relictis

185 3271 283 3341 Illum
300 3272 425 3343 ambire
442 3270 538 3361 libet,
558 3300 746 3370 pronosque
766 3274 915 3347 attollere
932 3277 1053 3349 vultus.

185 3391 290 3481 Talis,
309 3394 363 3464 ubi
382 3395 424 3464 ad
443 3396 572 3468 Thebas
591 3398 786 3495 vultumque
805 3402 1019 3495 animumque
1038 3402 1164 3471 remisit

185 3506 301 3595 Euius,
316 3529 349 3583 et
366 3516 474 3609 patrio
491 3520 623 3587 satiavit
642 3535 777 3614 pectora
795 3519 893 3607 luxu;

186 3631 411 3721 semeonis,
426 3638 625 3733 mitramque
637 3637 738 3725 levat,
753 3641 969 3734 thyrsumque
983 3644 1142 3713 virentem

187 3753 321 3834 Armat,
341 3767 374 3821 et
391 3754 524 3825 hostiles
543 3757 654 3826 invisit
671 3757 788 3827 sortior
807 3758 916 3829 Indos.

234 3869 417 3940 Scandebat
438 3898 532 3943 roseo
547 3873 647 3943 modii
667 3875 797 3972 fastigia
816 3878 888 3947 caeli
944 3930 950 3941 .

186 3992 281 4059 Luna
296 3974 497 4083 jugo,⁸totis
515 3993 569 4063 ubi
589 4018 724 4066 somnus
742 3999 881 4068 inertior
899 3996 959 4067 alis
