2812 5258
322 447 376 500 ²7²
684 428 975 484 lunotmottss

693 667 733 721 IN
753 667 901 723 LIBRUM
921 666 971 722 IV.

361 868 510 923 Errsronr.
528 864 593 918 Tres
606 860 699 916 labet.
716 860 781 916 Scil.
791 862 911 937 eclogas„
924 860 996 918 Cod.
1009 860 1130 937 Rhedig.
1143 863 1258 923 mire...
1272 868 1369 939 habet,

323 958 380 1013 nisi
392 956 468 1031 quod
480 966 582 1029 quarta
598 953 640 1007 ad
655 952 721 1007 Ιιοιι.

362 1050 437 1103 Nam
448 1047 584 1113 Vindicis,
592 1055 644 1101 etc.
655 1046 729 1100 Bene
743 1041 877 1116 explicari
884 1060 944 1098 nou
956 1055 1083 1117 possunt.
1095 1044 1260 1121 Legecmu
1268 1052 1369 1109 codd:

323 1142 409 1196 «lom
422 1138 508 1195 Vind.
524 1163 536 1188 n

361 1234 415 1300 Ee,
429 1233 456 1288 si
471 1231 598 1297 videtur,
613 1229 689 1283 lact.
708 1252 721 1277 ι
735 1228 837 1283 Sensus
858 1236 900 1283 est
918 1246 926 1280 t
947 1225 1033 1283 siin
1051 1227 1103 1283 tibi
1115 1229 1296 1305 videbitur,
1314 1235 1364 1291 lu-

324 1335 437 1393 ctenus,
455 1340 507 1377 nec
521 1323 610 1388 ultra,
622 1318 785 1390 hujusmodi
807 1317 910 1391 scripta
932 1317 1014 1373 edam
1031 1337 1039 1372 t
1061 1318 1104 1373 siu
1119 1319 1238 1394 minus,
1262 1324 1284 1381 i.
1299 1344 1325 1383 e.
1344 1326 1366 1382 ἀ

325 1414 450 1471 volueris
467 1432 511 1467 me
532 1429 665 1486 pergere,
683 1409 921 1483 reprehendamur
938 1406 993 1482 (ita
1013 1408 1088 1463 euim
1110 1410 1293 1487 legendum,
1309 1436 1364 1473 non

325 1499 583 1579 mprclrendemur);
595 1519 655 1556 non
671 1518 725 1576 ego
742 1499 854 1555 invidos
867 1509 896 1555 et
913 1501 1065 1555 malevolos
1083 1502 1216 1575 curabo,
1229 1504 1286 1563 sed
1298 1526 1364 1583 per-

326 1615 398 1673 gam.
411 1620 424 1644 s
437 1597 554 1650 Maru„

364 1688 487 1742 Cranen
502 1686 524 1738 1.
538 1684 578 1738 Et
593 1682 676 1737 rediit
687 1682 729 1736 bis
742 1694 837 1736 sextus
854 1680 942 1735 Itonos
955 1679 992 1758 (r.
1006 1680 1045 1759 9).
1059 1684 1134 1737 «Bis
1150 1704 1176 1743 r.
1191 1684 1225 1741 d.
1240 1688 1362 1745 endro-

326 1776 417 1833 decim
430 1774 546 1830 fascium
565 1782 593 1827 et
610 1771 741 1826 lictorum
757 1772 863 1841 honos,
875 1771 1024 1845 proprium
1043 1776 1360 1855 consulatusinsigne.

326 1871 422 1923 Gaon.
437 1867 466 1921 in
479 1865 524 1921 ed.
541 1862 597 1921 Sed
612 1863 818 1937 praeferendum
836 1862 905 1917 mihi
917 1863 1009 1919 videri
1025 1864 1117 1921 fateor
1138 1868 1227 1942 qnod
1241 1872 1361 1945 ejudem

326 1959 380 2015 viri
395 1977 512 2015 acumen
529 1967 593 2013 ante
610 1955 770 2025 invenerat,
789 1966 818 2010 et
836 1956 867 2009 in
887 1957 998 2022 Drino,
1017 1975 1040 2012 c.
1061 1976 1174 2031 xxxva,
1196 1972 1229 2017 et
1249 1963 1360 2021 Black.

327 2052 487 2114 acridium,
503 2069 527 2104 c.
548 2068 582 2119 v,
602 2046 697 2102 multis
714 2046 877 2102 defenderat
891 2066 898 2101 :
912 2048 954 2103 bis
967 2066 1076 2104 rrxrus
1093 2048 1207 2119 honor,
1222 2052 1319 2111 honos
1334 2054 1361 2109 ir

327 2155 461 2215 pretextu
479 2152 561 2216 toga,
577 2140 697 2214 duplici,
711 2139 730 2195 i.
749 2158 772 2194 e.
787 2142 855 2194 lanae
873 2149 901 2194 et
917 2158 1064 2213 purpure,
1082 2149 1200 2199 textura
1218 2144 1304 2203 facta.

368 2237 490 2309 Noviqne
502 2235 530 2288 in
545 2236 622 2306 leges
634 2228 672 2307 (v.
694 2239 728 2298 rt,
747 2229 809 2308 sq.).
825 2232 1008 2304 Explicantur
1019 2233 1078 2287 hec
1098 2234 1207 2295 versib.
1228 2254 1266 2311 9,
1284 2256 1320 2295 ro
1335 2248 1361 2295 et

332 2332 366 2384 17
381 2314 510 2368 carminis
528 2330 574 2365 m.

367 2405 493 2459 Moribus
505 2414 590 2475 atque
604 2403 658 2455 tuis
671 2398 709 2476 (v.
724 2400 761 2455 25
779 2400 862 2477 sqq.).
877 2404 972 2457 Mores
986 2412 1052 2457 tuos
1065 2400 1116 2479 (de
1130 2404 1239 2479 quibua
1251 2406 1356 2483 egregia

330 2494 442 2568 collegit
461 2495 601 2559 Gronov„
619 2510 648 2563 p.
673 2498 726 2556 atr
749 2490 824 2567 sqq.)
846 2492 912 2547 huic
934 2510 1051 2567 quoque
1068 2512 1150 2551 auno
1171 2494 1201 2551 iu
1218 2498 1357 2569 amplat

329 2586 493 2662 praefulgere
512 2583 636 2658 gaudent
651 2600 747 2637 omnes
759 2584 953 2639 Romanorum
971 2584 1099 2655 ordines3
1115 2596 1176 2643 eta
1191 2588 1358 2655 omnum,

331 2698 416 2754 quem
428 2690 460 2733 tu
474 2694 569 2753 gerere
583 2674 724 2751 dignaris,
737 2674 822 2731 ceteri
835 2676 959 2732 honores
972 2695 1069 2733 omnes
1082 2678 1267 2737 illusorum.
1279 2680 1362 2737 Gro-

328 2771 407 2827 novii
424 2769 574 2843 explicatio
585 2767 765 2843 redarguitur
784 2787 873 2841 quum
886 2779 948 2823 toto
966 2780 1064 2825 tenore
1082 2770 1159 2843 luci,
1174 2782 1238 2827 tun
1249 2790 1338 2830 versu
1354 2794 1363 2830 a

437 2976 462 2990 ..
476 2976 499 2989 ..
512 2939 575 3003 Quid
588 2939 648 2999 tale,
661 2954 752 3005 precor,
765 2939 831 3005 prior
844 2955 919 2989 annus
931 2938 1050 2989 habebat?

331 3110 436 3164 Contra
459 3104 658 3162 Marklandum
680 3103 805 3176 disputat
823 3103 1014 3176 Schraderus,
1034 3106 1132 3161 Aaou.
1153 3106 1184 3161 rit
1201 3106 1364 3177 Μιεωυι,

332 3218 356 3254 c.
370 3216 506 3269 xv111‚p.
527 3198 592 3252 312.

371 3290 462 3342 Roma
477 3299 579 3358 potens
601 3284 637 3360 (v.
660 3281 720 3359 αδ).
734 3285 779 3339 Sic
794 3285 877 3341 codd
891 3285 948 3341 Sed
965 3284 1070 3358 optime
1091 3286 1197 3344 Marii.
1216 3308 1226 3345 τ
1250 3314 1265 3341 ι
1277 3292 1364 3347 Roma

328 3394 445 3451 potens,
467 3398 479 3422 υ
493 3375 540 3429 cui
557 3376 602 3430 hic
619 3378 697 3431 locus
711 3395 785 3431 suus.
801 3377 879 3432 Idem
893 3376 972 3432 addit
986 3394 994 3430 z
1009 3376 1107 3433 «vide
1120 3388 1223 3435 cutm
1233 3380 1268 3437 iu
1281 3401 1366 3457 qum·

331 3478 390 3522 tam
408 3465 450 3521 sui
469 3465 640 3520 oblivionem
657 3466 802 3521 induxerit
819 3468 939 3523 Statium
957 3468 1033 3522 calor
1050 3478 1313 3545 extemporum
1324 3473 1365 3529 in-

332 3568 414 3613 vocat
433 3559 546 3629 longam
568 3567 749 3623 vetustatem,
776 3568 809 3611 ut
829 3556 916 3612 fastos
934 3558 1055 3614 excutiat
1073 3567 1102 3613 et
1124 3558 1218 3636 digua
1241 3566 1366 3641 emplt

332 3648 456 3721 proferat
471 3656 603 3718 :putares
618 3645 787 3701 statimcum
804 3648 937 3705 Fabriciis
950 3661 979 3705 ct
991 3650 1177 3707 &maeoniis
1192 3662 1224 3709 te
1242 3674 1308 3713 rem
1318 3658 1366 3713 he·

333 3738 459 3793 biturum
472 3755 530 3791 esse
545 3754 551 3789 :
565 3736 667 3789 horum
682 3754 750 3790 vero
768 3737 872 3792 oblitus
880 3740 993 3796 hnmani
1005 3743 1077 3796 saltu
1090 3739 1247 3801 descendit
1259 3748 1301 3805 ad
1313 3752 1367 3805 Aa·

333 3840 460 3902 gustum,
485 3827 535 3900 qui
553 3826 693 3883 mentibus
717 3828 864 3883 hominum
884 3850 963 3904 paene
985 3849 1097 3901 recens3
1117 3842 1149 3887 et
1168 3846 1242 3906 post
1267 3848 1367 3895 tantan

335 3919 518 3975 invocationis
531 3936 679 3992 pompam,
693 3931 725 3975 ut
731 3934 886 3978 recenseret
896 3923 1039 3979 vetrutatis
1045 3940 1101 3978 nott
1102 3940 1205 3997 pom
1217 3933 1368 4007 exempla,

336 4012 417 4068 unius
430 4020 538 4067 tantum
554 4011 724 4070 mentionem
737 4013 833 4069 lacit.»
