2812 5258
71 438 105 501 o.
120 439 188 503 ιω.)
370 436 584 494 rnaaamos
606 434 716 494 mana
738 436 817 495 vm.
1040 414 1107 494 ἰιι

71 561 172 631 lllum
192 562 273 650 heu,
292 563 445 656 praesagis
464 585 530 654 quo
546 561 657 631 nullus
675 564 814 632 amicior
828 564 942 650 astris,

71 679 254 766 OEcliden,
274 680 461 774 frustraque
481 706 599 751 manus
616 704 692 751 cum
708 706 790 750 voce
806 681 954 750 tetendit.

71 801 160 869 Mira
178 798 309 893 loquor,
328 798 437 869 sulcos
454 802 653 890 etiamnum,
672 818 794 890 rector,
813 825 997 923 equorurq,

71 922 334 1014 Fumantemque
351 918 480 1009 locum,
501 935 535 990 et
553 923 681 1015 spumis
698 920 831 990 madida
848 944 929 993 arva
945 906 1074 1014 reliqui.

72 1039 143 1108 Nec
163 1063 339 1109 commune
358 1039 484 1110 malum
503 1056 576 1111 est:
594 1040 691 1111 tellus
712 1044 862 1136 agnoscit
879 1039 1047 1128 alumnos,

72 1161 147 1230 sut
162 1159 323 1230 Thebana
338 1162 466 1230 acies.»
488 1162 606 1255 Stupet
622 1163 706 1248 haec,
728 1175 762 1230 et
778 1161 912 1230 credere
928 1160 1088 1231 Adrastus

73 1280 276 1368 Cunctatur3
295 1280 353 1349 sed
371 1283 510 1374 Mopsus
528 1279 633 1367 idem,
650 1280 866 1376 trepidusque
883 1279 1009 1348 ferebat

73 1402 176 1471 Actor
193 1400 297 1488 idem;
320 1424 397 1469 nam
416 1400 503 1469 fama
522 1402 617 1471 novis
636 1400 818 1472 terroribus
836 1401 946 1470 audax

74 1522 153 1591 Non
173 1545 278 1591 unum
297 1519 453 1590 cecidisse
467 1520 592 1590 refert:
609 1536 727 1616 sponte
746 1523 879 1617 agmina
895 1536 985 1590 retro

75 1643 154 1712 Non
175 1655 363 1735 exspectato
381 1655 595 1713 revocantum
614 1666 708 1712 more
727 1643 883 1712 tubarum

75 1760 309 1854 Praecipitant:
327 1760 386 1829 sed
406 1776 517 1855 torpet
536 1764 609 1850 iter,
629 1760 815 1857 falluntque
834 1777 967 1832 ruentes

76 1881 196 1948 Genua
216 1881 322 1968 viros,
343 1882 486 1974 ipsique,
508 1896 604 1974 putes
623 1883 778 1970 sensisse,
796 1897 987 1977 repugnant

77 1997 300 2093 Cornipedes,
317 1996 475 2091 nulloque
493 2013 603 2069 truces
621 2000 808 2070 hortamine
825 2018 962 2095 parent,

77 2120 150 2189 Nec
168 2115 311 2186 coleram
328 2118 485 2213 gradum,
504 2143 565 2188 nec
583 2118 699 2189 tollere
715 2119 841 2189 lumina
858 2136 954 2189 terra.

77 2240 210 2309 Fortius
230 2239 401 2308 incursant
419 2240 534 2334 Tyrii:
553 2239 611 2309 sed
630 2242 758 2335 Vesper
776 2265 900 2334 opacus

78 2363 228 2429 Lunares
242 2358 314 2452 jam
332 2356 425 2427 ducit
440 2383 568 2452 equos:
588 2360 663 2429 data
682 2360 807 2430 foedere
823 2387 927 2456 parvo

79 2482 198 2549 Maesta
213 2479 294 2547 viris
309 2480 460 2572 requies,
477 2492 511 2549 et
527 2504 594 2549 uox
614 2495 753 2551 auctura
773 2483 918 2552 timores.

128 2599 213 2687 Quae
229 2598 290 2667 tibi
311 2612 392 2667 tunc
412 2597 528 2688 facies,
549 2614 726 2694 postquam
742 2604 904 2696 permissa
921 2600 1075 2696 gemendi

80 2719 209 2813 Copia?
225 2720 282 2812 qui
298 2717 394 2788 fletus
412 2718 514 2813 galeis
533 2719 680 2788 cecidere
697 2719 836 2789 solutis?

81 2837 137 2909 Nil
156 2837 291 2909 solitum
310 2837 410 2907 fessos
426 2837 523 2930 juvat
541 2863 550 2906 τ
568 2836 721 2930 abjecere
738 2836 924 2927 madentes,

84 2960 178 3028 Sicut
197 2973 308 3047 erant,
326 2958 459 3054 clypeos
477 2985 486 3027 ε
504 2983 566 3028 nec
583 2958 758 3053 quisquam
775 2957 902 3053 spicula
924 2958 1034 3046 tersit,

82 3079 156 3150 Nec
173 3078 322 3149 laudavit
337 3102 479 3174 equum,
501 3079 613 3150 nitidae
634 3104 695 3149 nec
711 3079 846 3148 cassidis
863 3077 964 3148 altam

82 3200 213 3268 Comsit
230 3197 472 3292 adornavitque
485 3199 603 3293 jubam
625 3225 633 3268 :
651 3201 706 3271 vix
725 3222 846 3294 magna
864 3198 975 3268 lavare
1093 3236 1096 3243 .

82 3317 248 3408 Vulnera,
267 3334 302 3389 et
318 3317 468 3389 efflantes
487 3318 569 3389 libet
586 3322 805 3390 internectere
821 3318 944 3415 plagas.

83 3442 209 3508 Tantus
229 3439 352 3534 ubique
370 3435 481 3508 dolor!
501 3464 628 3509 mensas
647 3438 870 3534 alimentaque
887 3437 975 3509 bello

83 3559 207 3628 Debita
223 3582 285 3628 nec
302 3584 421 3656 pugnae
440 3561 543 3628 suasit
561 3562 659 3630 timor
677 3563 812 3631 :omnia
830 3559 962 3646 laudes,

84 3677 302 3770 Amphiarae,
320 3693 410 3769 tuas,
430 3680 650 3775 foecundaque
668 3697 804 3776 pectora
820 3683 888 3751 veri

85 3799 358 3867 Commemorant
376 3798 547 3894 lacrymis,
566 3816 600 3870 et
618 3826 677 3896 per
696 3805 838 3872 tentoria
855 3826 963 3870 sermo

87 3920 203 4004 Unus;
223 3917 364 3986 «Abisse
380 3922 486 4002 Deos,
514 3919 706 4015 dilapsaque
725 3924 861 3991 numina
881 3923 1006 3990 castris.

138 4034 256 4106 «Heul
279 4038 334 4106 ubi
354 4036 510 4132 laurigeri
527 4041 666 4109 currus?
683 4040 919 4133 sollemniaque
937 4040 1048 4109 arma?
