2812 5258
104 421 217 484 (mid.)
391 417 604 474 THRBMDOS
626 415 736 471 LIBER
757 415 831 470 Xll.'
1082 410 1137 468 255

153 549 248 613 Hunc
266 539 380 610 saltem
398 544 527 610 miseris
547 541 668 609 ductor
683 539 863 607 Thebanus
881 539 1043 606 honorem

105 665 262 759 Largitur
282 663 425 750 Danais,
439 661 530 757 quod
547 686 616 731 non
636 684 736 754 super
757 660 828 752 ipsa
845 660 1015 752 jacentum

105 786 255 877 Corpora
271 781 446 877 belligeras
463 783 568 870 acies,
586 784 796 874 Martemque
811 779 993 848 secundum

104 905 239 973 Miscuit
254 930 262 972 ε
277 919 311 973 at
327 902 434 974 lacera
454 902 592 996 nequid
613 901 654 970 de
673 915 781 994 strage
800 898 962 968 nefandus

105 1024 277 1113 Perderet,
293 1024 427 1120 eligitur
446 1050 549 1093 saevos
568 1039 690 1116 potura
708 1045 843 1091 cruores

103 1145 205 1214 Terra
224 1144 342 1215 rudis:
360 1147 494 1237 jamque
514 1143 659 1212 alternas
678 1144 711 1210 in
728 1141 846 1236 proelia
865 1157 980 1234 gentes

104 1265 281 1334 Dissimilis
301 1263 438 1335 Bellona
457 1268 547 1334 ciet:
567 1289 635 1333 non
655 1262 781 1333 clamor
801 1264 987 1356 utrimque,

103 1387 180 1455 Non
197 1388 365 1479 utrimque
383 1387 471 1455 tubae
487 1412 495 1454 :
514 1401 578 1455 stat
595 1385 713 1454 debilis
732 1384 835 1455 altera
851 1385 972 1479 pubes,

105 1506 292 1574 Submissos
310 1530 403 1575 enses
422 1508 661 1601 nequicquam,
677 1521 874 1599 amentaque
890 1505 1014 1575 dextris

103 1629 195 1694 Laxa
216 1641 331 1696 tenens
346 1653 354 1695 :
370 1627 493 1697 cedunt
512 1626 648 1715 tellure,
667 1630 834 1722 armisque
852 1628 995 1696 reductis

104 1749 284 1816 Ostentant
300 1762 425 1818 veteres
441 1749 625 1818 etiamnum
645 1750 678 1816 io
699 1749 860 1843 sanguine
879 1747 1004 1843 plagas.

101 1872 174 1937 Jam
193 1893 253 1937 nec
274 1871 446 1962 Cecropiis
462 1869 548 1937 idem
568 1869 764 1937 ductoribus
781 1868 897 1955 ardor,

102 1990 405 2082 languescuntque
421 1989 539 2074 minae,
556 2003 589 2057 et
608 1990 715 2056 virtus
733 2011 849 2056 secura
869 1988 1007 2056 residit:

102 2111 288 2176 Ventorum
308 2106 399 2176 velut
419 2109 469 2176 ira
487 2109 611 2194 minor,
630 2108 693 2175 nisi
713 2104 796 2175 silva
814 2107 961 2175 furentes

102 2227 265 2321 Impedit,
286 2228 458 2318 insanique
479 2241 589 2296 tacent
606 2227 677 2296 sine
697 2225 793 2296 litore
810 2226 940 2295 lluctus.

154 2349 200 2414 Ut
219 2371 297 2414 vero
315 2371 488 2439 aequoreus
508 2371 668 2439 quercum
684 2346 921 2416 Marathonida
937 2347 1083 2417 Theseus

103 2467 252 2552 Extulit,
267 2481 384 2535 erectae
402 2468 498 2560 cujus
513 2466 655 2537 crudelis
674 2469 716 2535 in<
729 2467 841 2537 hostes

103 2589 230 2657 Umbra
250 2587 357 2674 cadit,
374 2612 596 2682 campumque
615 2604 743 2657 trucem
764 2587 819 2657 lux
836 2588 981 2682 cuspidis
1001 2587 1139 2683 implet:

104 2711 174 2778 Ceu
194 2722 288 2800 pater
304 2708 439 2776 Edonos
459 2709 567 2777 Haemi
585 2707 628 2775 de
647 2708 769 2776 vertice
787 2711 923 2776 Mavors

103 2826 277 2921 Impulerit
295 2852 429 2912 currus,
448 2825 567 2921 rapido
587 2841 797 2921 mortemque
816 2827 996 2924 fugamque

104 2950 176 3016 Axe
197 2950 337 3031 vehens,
354 2951 401 3018 sic
420 2948 578 3018 exanimis
597 2949 631 3016 in
651 2963 743 3041 terga
760 2948 889 3017 reducit

103 3067 214 3137 Pallor
232 3067 464 3163 Agenoridas:
484 3068 581 3139 taedet
599 3068 803 3163 fugientibus
821 3070 870 3136 uti

102 3191 244 3276 Thesea,
263 3213 325 3257 nec
343 3187 471 3258 facilem
493 3188 651 3284 dignatur
668 3188 784 3257 dextra
803 3213 967 3257 cruorem.

102 3311 219 3377 Cetera
247 3309 378 3403 plebeio
398 3309 528 3378 desaevit
546 3311 707 3405 sanguine
728 3311 845 3378 virtus.

104 3431 159 3498 Sic
173 3431 269 3522 juvat
286 3431 446 3499 exanimis
464 3431 678 3524 projectaque
696 3428 806 3524 proeda
826 3454 991 3523 canesque

104 3550 358 3644 Degeneresque
375 3550 490 3645 lupos,
508 3575 646 3644 magnos
667 3549 726 3619 alit
747 3551 796 3620 ira
818 3549 938 3619 leones.

104 3669 257 3736 Attamen
278 3668 453 3758 Olenium,
468 3668 750 3764 Thamyrumque,
766 3672 856 3740 hunc
874 3671 938 3741 tela
954 3672 1110 3766 pharetra
1227 3738 1234 3752 ,

102 3787 332 3876 Promentem,
347 3791 436 3859 hunc
452 3792 528 3858 saevi
546 3787 715 3858 tollentem
734 3792 882 3885 pondera
899 3794 968 3861 saxi

103 3908 245 4000 chicit,
264 3923 297 3976 et
315 3908 436 4002 triplici
454 3908 596 3977 confisos
613 3910 734 3979 robore
752 3914 859 4005 gentis

104 4027 253 4099 Alceidas
270 4030 407 4116 fratres,
425 4029 560 4098 totidem
580 4057 663 4123 quos
681 4033 810 4100 eminus
826 4033 928 4099 hastis
