2812 5258
91 431 123 493 r«.
138 431 208 494 ψ.)
390 425 640 483 rcurmnrnos
661 423 773 480 ursan
796 426 817 478 1.
1064 422 1119 499 269

91 552 225 641 Cultus,
246 568 279 621 et
299 551 426 645 expleto
447 553 550 619 teneri
569 551 638 642 jam
656 548 719 616 fine
737 547 872 642 pudoris

93 675 273 768 Virginitas
294 686 422 740 matura
440 673 537 757 toris,
553 671 698 763 annique
717 682 890 737 tumentes.

139 793 204 861 Sed
222 774 382 885 quantum
398 789 517 858 virides
534 787 640 884 pelagi
660 792 772 857 Venus
791 786 901 856 addita
919 788 1090 880 Nymphas

93 913 231 996 Obruit,
249 925 306 979 aut
326 909 470 999 humeris
488 923 649 1000 quantum
668 909 777 975 Diana
798 904 955 998 relinquit

93 1029 228 1116 Naides,
244 1027 380 1123 effulget
395 1041 524 1096 tantum
539 1027 653 1119 regina
669 1023 779 1093 decori

92 1149 261 1219 Deidamia
279 1149 389 1231 chori,
408 1144 621 1238 pulchrisque
640 1144 808 1213 sororibus
825 1145 943 1213 obstat.

92 1268 183 1339 Illius
202 1284 235 1337 et
252 1291 347 1335 roseo
366 1264 552 1333 flammatur
570 1289 716 1357 purpura
737 1263 850 1348 vultu,

91 1393 135 1458 Et
154 1387 291 1482 gemmis
308 1383 366 1453 lux
381 1384 487 1476 major
505 1384 608 1470 inest,
626 1398 660 1452 ct
676 1382 830 1452 blandius
844 1408 974 1453 auriam.

90 1507 201 1600 Atque
221 1506 281 1599 ipsi
300 1529 360 1598 par
379 1503 485 1573 forma
502 1503 587 1591 deae,
606 1505 632 1573 si
652 1504 795 1599 pectoris
812 1529 938 1599 angues

93 1630 212 1712 Ponat,
231 1641 264 1694 et
284 1639 411 1693 exemta
428 1621 577 1718 placetur
594 1623 718 1693 casside
734 1622 856 1694 vultus.

92 1747 186 1812 Hauc
202 1745 258 1812 ubi
275 1742 448 1812 ducentem
465 1741 563 1835 longe
583 1744 671 1810 socia
688 1745 819 1835 agmina
838 1744 922 1813 vidit

91 1865 180 1930 Trux
195 1887 288 1956 puer,
307 1876 340 1930 et
359 1859 452 1930 nullo
468 1874 646 1930 temeratus
662 1876 794 1953 pectora
813 1878 926 1949 motu;

92 1983 256 2076 Diriguit,
274 1981 416 2072 totisque
434 2002 558 2048 novum
575 1979 658 2047 bibit
675 1979 803 2048 ossibus
821 1983 942 2075 ignem.

90 2103 161 2171 Nec
180 2097 258 2168 latet
275 2100 411 2168 haustus
430 2122 534 2183 amor,
552 2097 609 2166 sed
626 2096 680 2165 sax
699 2098 828 2168 vibrata
847 2098 999 2169 medullis

91 2221 130 2286 In
148 2215 260 2286 vultus
278 2233 376 2310 atque
393 2239 453 2287 ora
469 2215 576 2301 redit,
595 2215 768 2310 lucemque
785 2243 943 2313 genarum

90 2339 222 2432 Tingit,
239 2353 272 2407 et
291 2335 469 2430 impulsum
491 2338 580 2405 tenui
598 2337 717 2406 sudore
736 2354 895 2433 pererrat.

92 2460 213 2527 Lactea
232 2459 425 2550 Massageta
443 2453 545 2524 veluti
564 2481 665 2550 quum
683 2458 803 2552 pocula
818 2459 947 2531 fuscant

93 2577 261 2670 Sanguine
276 2575 438 2668 puniceo,
456 2573 508 2644 vel
524 2577 607 2646 ebur
624 2581 848 2673 corrumpitur
866 2595 957 2649 ostro
978 2607 986 2648 τ

91 2695 144 2763 Sic
163 2696 260 2763 variis
278 2693 450 2763 manifesta
469 2695 557 2762 notis
575 2694 742 2788 palletque
763 2699 924 2792 rubetque

91 2812 236 2882 Flamma
253 2836 366 2881 recens
385 2838 393 2880 τ
414 2827 485 2899 eat,
505 2827 605 2907 atque
623 2813 712 2882 ultro
731 2815 819 2886 ferus
838 2819 968 2912 hospita
983 2844 1076 2888 sacra

90 2934 254 3003 Discutiat
270 2933 374 3002 turba
390 2956 539 3020 securus,
556 2947 590 3002 et
608 2935 782 3004 immemor
799 2937 879 3023 aevi,

91 3054 135 3123 Ni
152 3052 261 3147 pudor
276 3068 308 3121 et
321 3054 443 3146 junctae
463 3067 572 3122 teneat
588 3055 773 3123 reverentia
790 3057 915 3125 matris.

91 3176 140 3242 Ut
157 3190 250 3267 pater
267 3174 407 3242 armenti
424 3172 607 3265 quondam,
627 3187 801 3268 rectorque
817 3174 966 3263 futurus,

90 3293 152 3362 Cui
173 3292 320 3361 nondum
339 3306 409 3361 toto
428 3308 634 3387 peraguntur
650 3317 776 3365 cornua
792 3319 890 3390 gyro,

68 3480 72 3489 ,
91 3411 206 3498 Quum
227 3413 348 3481 sociam
368 3427 480 3506 pastus
500 3413 596 3483 niveo
614 3414 756 3484 candore
774 3417 949 3509 juvencam

91 3527 255 3622 Adspicit,
273 3531 450 3602 ardescunt
465 3534 584 3621 animi,
604 3535 796 3629 primusque
813 3560 873 3630 per
891 3559 951 3604 ora

92 3648 229 3739 Spumat
247 3673 351 3738 amor,
368 3667 517 3748 spectant
536 3651 671 3738 hilares,
685 3670 869 3750 optantque
887 3657 1044 3750 magistri.

140 3767 291 3860 Occupat
306 3788 440 3865 arrepto
453 3775 521 3864 jam
540 3786 689 3865 tempore
705 3777 836 3844 conscia
856 3790 961 3845 mater
980 3801 989 3843 τ

90 3915 106 3949 a
123 3889 236 3954 Hosne
250 3888 337 3956 inter·
353 3887 507 3959 simulare
521 3890 657 3980 choros,
674 3907 707 3962 et
723 3895 856 3963 brachia
871 3894 951 3963 ludo

91 4004 246 4091 Nectere,
267 4019 361 4092 nate,
378 4029 477 4099 grave
494 4008 564 4076 est?
577 4009 684 4103 gelida
700 4013 780 4106 quid
798 4012 863 4080 tale
882 4013 944 4080 sub
963 4015 1063 4097 Ossa,
1115 3980 1119 3988 ¹
