2812 5258
316 397 334 451 6
618 397 831 454 Tflsssalnos
851 398 960 454 Ltsslttt
983 399 1032 452 tv.
1235 400 1267 456 (v.
1281 399 1347 457 us)

317 524 439 615 Stagna
459 521 565 604 subit,
582 544 808 614 magnumque
827 522 976 614 objectus
993 520 1118 591 detinet
1136 546 1276 596 aninem.

366 643 452 729 Quis
469 665 644 710 numerum
662 640 760 727 ferri,
778 656 976 734 gentesque,
993 657 1028 709 et
1045 641 1166 710 robora
1183 640 1274 709 dicto

319 763 468 854 AEquarit
484 758 623 830 mortale
642 760 783 828 sonans?
799 784 878 829 suus
897 763 983 831 escit
999 764 1034 829 in
1052 785 1142 830 arma

291 894 295 905 ·
317 883 494 974 Antiquam
512 881 673 974 Tiryntha
690 883 783 950 Deus
800 907 808 948 :
828 905 896 950 non
914 880 1054 949 fortibus
1071 877 1125 949 illa

316 1001 508 1070 Infoecunda
524 1002 620 1088 viris,
639 1002 792 1095 famaque
812 995 963 1070 immanis
982 999 1110 1069 alumni

230 1186 233 1190 .
318 1125 523 1215 Degenerat3
541 1121 598 1190 sed
616 1119 708 1215 lapsa
723 1123 788 1189 situ
808 1118 959 1204 fortuna,
975 1142 1083 1212 neque
1097 1118 1225 1188 addunt

318 1243 433 1310 Robur
449 1266 528 1335 opes
544 1266 662 1311 :rarus
678 1241 789 1310 vacuis
807 1239 974 1307 habitator
989 1239 1024 1307 in
1044 1241 1131 1308 arvis

316 1363 484 1431 Monstrat
505 1336 687 1456 Cyclopuni
707 1359 821 1428 ductas
841 1358 1018 1428 sudoribus
1036 1382 1138 1427 arces.

316 1484 384 1551 Dat
402 1498 512 1552 umen
528 1482 597 1551 hee
608 1480 769 1573 juvenum
788 1493 972 1549 tercentum
992 1493 1142 1572 pectora,
1156 1478 1276 1572 vulgus

317 1604 534 1671 innumerum
549 1597 653 1684 bello,
675 1597 796 1689 quibus
815 1597 905 1666 haud
921 1613 1073 1683 amenta,
1093 1623 1155 1666 nec
1172 1622 1267 1667 enses

317 1723 425 1791 Triste
442 1721 564 1789 micant
583 1716 730 1786 :flavent
750 1719 850 1813 capiti
871 1733 1029 1812 tergoque
1046 1715 1181 1785 leonum

317 1844 466 1930 Exuviae,
483 1838 615 1934 gentilis
632 1840 756 1926 honos,
776 1855 809 1907 et
826 1839 943 1934 pineus
956 1852 1062 1907 armau
1184 1928 1187 1934 ,

317 1965 440 2056 Stipes,
460 1959 665 2030 inexhaustis
684 1975 856 2030 arctantur
873 1956 940 2028 tela'
956 1959 1128 2053 pharetris.

317 2078 515 2150 Herculeum
529 2083 647 2152 Paeana
661 2096 807 2168 canunt,
827 2095 1019 2173 vastataque
1035 2081 1191 2148 monstris

317 2201 465 2270 Omnia:
485 2202 641 2272 frondosa
659 2201 795 2297 longum
814 2203 907 2270 Deus
926 2199 1020 2267 audit
1038 2198 1081 2266 ab
1100 2201 1197 2269 OEta.

364 2323 433 2390 Dat
448 2324 573 2391 Nemee
589 2322 742 2406 comites,
761 2335 794 2388 et
810 2343 891 2412 quas
912 2320 946 2387 in
965 2315 1079 2411 proelia
1098 2318 1181 2384 vires

316 2443 416 2510 Sacra
434 2438 578 2510 Cleonaei
591 2454 716 2533 cogunt
734 2440 845 2506 vineta
865 2435 1042 2506 Molorchi.

317 2558 434 2628 Gloria
452 2573 531 2628 nota
549 2582 647 2643 case,
665 2556 792 2626 foribus
808 2553 963 2626 simulata
983 2552 1116 2649 salignis

226 2684 232 2696 ’
317 2677 465 2772 hospitis
482 2679 674 2764 armaDei,
693 2701 865 2770 parvoque
883 2676 1070 2773 ostenditur
1088 2698 1187 2755 arvo,

317 2799 433 2867 Robur
450 2799 509 2868 ubi
525 2812 558 2868 et
576 2796 667 2867 laxos
684 2821 750 2891 qua
769 2794 980 2867 reclinaverit
994 2819 1089 2865 arcus

317 2917 412 3006 llice,
431 2944 498 3012 qua
515 2920 620 2988 cubiti
637 2916 771 2989 sedealit
790 2921 926 3013 vestigia
943 2933 1041 2987 terra.
1080 2992 1087 3005 ,

365 3041 409 3108 At
426 3038 545 3132 pedes,
563 3053 597 3108 et
613 3051 683 3108 toto
698 3041 892 3134 despectans
910 3039 1032 3106 vertice
1049 3034 1191 3124 bellum,

317 3160 474 3251 Quatuor
488 3156 659 3232 indomitis
676 3167 851 3256 Capaneus
866 3171 976 3253 erepta
992 3157 1143 3248 juvencis

316 3285 438 3377 Terga,
457 3296 624 3376 superque
643 3285 754 3377 rigens
771 3283 894 3376 injectu
916 3273 1015 3350 molis
1030 3281 1143 3349 ahenae

316 3405 439 3471 Versat
455 3425 557 3487 onus;
577 3399 706 3494 squalet
724 3399 848 3496 triplici
866 3426 998 3471 ramosa
1012 3426 1135 3473 corona

317 3519 430 3613 Hydra
446 3545 562 3591 recens
579 3522 673 3590 obitu
693 3547 701 3589 :
723 3545 798 3615 pars
815 3523 980 3616 anguibus
998 3547 1112 3616 aspera
1132 3519 1213 3588 vivis

271 3642 273 3646 “
315 3640 464 3733 Argenta
482 3638 595 3709 caelata
612 3643 730 3729 micat3
752 3666 829 3735 pars
847 3658 920 3711 arte
939 3657 1074 3736 reperta

317 3759 492 3847 Conditur,
510 3776 542 3831 et
562 3760 654 3830 fulvo
672 3763 818 3831 moriens
838 3765 977 3858 ignescit
994 3765 1029 3831 in
1048 3786 1152 3830 auro:

318 3880 453 3949 Circum
468 3885 575 3951 amnis
593 3897 744 3977 torpens,
763 3899 796 3952 et
814 3884 903 3954 ferro
920 3882 1039 3954 caerula
1055 3887 1173 3953 Lerne.

317 4004 361 4070 At
380 3997 521 4071 laterum
537 4018 683 4093 tractus,
703 4006 912 4099 spatiosaque
929 4020 1063 4098 pectora
1081 4014 1189 4073 servat.
