2812 5258
439 172 464 225 ἃ

80 457 174 519 tuto)
404 450 594 507 sttvtttuu
616 449 724 504 LIBER
747 449 779 500 V.

81 579 263 675 Cyclopum
283 574 433 670 scopulos
450 573 561 662 ultra,
581 589 680 667 atque
700 573 837 641 audacia
854 595 929 640 saxa

82 699 311 794 Pyramidum,
329 711 362 766 et
378 719 499 789 magno
516 693 682 762 tumulum
702 708 883 785 praetexere·
899 689 987 761 luco!

82 818 202 889 illicet
222 816 322 887 Siculi
341 840 545 910 superassem
562 816 647 882 dona
669 813 826 907 sepulcri,
944 852 950 860 ·

82 942 124 1007 Et
142 940 278 1006 Nemees
296 935 427 1021 ludum,
446 950 478 1002 et
493 934 623 1027 Pelopis
639 932 786 1003 solennia
806 933 925 1001 trunci.

82 1057 153 1126 Illic
171 1055 314 1127 OEbalio
331 1081 399 1124 non
417 1055 556 1122 finderet
576 1078 652 1121 aera
672 1052 762 1122 disco

83 1179 263 1247 Graiorum
282 1178 330 1244 vis
349 1174 415 1243 ulla
436 1175 563 1258 virum,
580 1198 647 1241 non
666 1199 743 1242 arva
763 1176 885 1267 rigaret

83 1297 191 1366 Sudor
207 1321 344 1390 equum,
362 1309 421 1362 aut
435 1295 524 1386 putri
543 1295 687 1361 sonitum
707 1294 799 1361 daret
812 1294 936 1387 ungula
954 1316 1086 1387 camp03

83 1416 148 1486 Sed
165 1416 279 1485 Phoebi
298 1413 435 1508 simplex
451 1415 572 1482 chorus
588 1438 595 1480 :
614 1414 667 1480 hic
682 1414 869 1482 frondentia
883 1428 995 1481 vatum

83 1537 219 1606 Praemia
236 1536 386 1623 laudato,
404 1537 546 1629 genitor,
564 1535 622 1601 tibi
641 1536 703 1603 rite
719 1535 883 1602 dicarem:

83 1659 156 1748 lpse
176 1655 311 1723 madens
326 1654 494 1747 lacrymis,
512 1655 705 1721 umbrarum
723 1656 905 1746 animaeque
923 1652 1088 1738 sacerdos,

84 1777 298 1868 Praeciperem
316 1772 477 1859 reditum,
496 1775 549 1841 cui
569 1788 601 1841 te
618 1799 678 1841 nec
699 1774 862 1844 Cerberus
879 1774 969 1842 omni

85 1898 170 1980 Ore,
186 1917 245 1960 nec
262 1892 403 1982 Orpheae
418 1893 551 1983 quirent
569 1907 715 1961 avertere
732 1892 834 1986 leges,

84 2016 205 2103 Meque
221 2010 353 2078 habitus
370 2032 541 2102 moresque
558 2024 632 2078 tuos
649 2027 682 2078 et
697 2012 783 2079 fucta
802 2026 972 2080 canentem

86 2135 166 2198 Fors
184 2144 218 2198 et
233 2126 445 2222 magniloquo
464 2154 531 2196 non
551 2129 792 2222 posthabuisset
811 2135 973 2216 Homero,

84 2252 247 2319 Tenderet
265 2263 298 2318 et
317 2263 412 2317 torvo
431 2251 534 2343 pietas
554 2276 685 2343 aequare
704 2253 847 2319 Maroni.

134 2374 203 2440 Cur
222 2372 325 2465 magis
344 2371 483 2438 incessat
502 2373 659 2465 Superos,
678 2388 710 2441 et
729 2397 810 2441 aena
826 2375 982 2440 Sororum

88 2492 252 2577 Stamina,
269 2515 341 2582 quae
360 2489 472 2582 tepido
488 2492 630 2582 genitrix
648 2517 747 2585 super
766 2516 883 2585 aggere
902 2493 972 2560 nati

86 2610 178 2679 Orba
195 2608 301 2678 sedet?
318 2607 370 2677 vel
389 2633 461 2701 quae
480 2611 626 2702 primaevi
641 2612 790 2704 conjugis
811 2613 921 2705 ignem

87 2729 249 2823 Adspicit,
265 2728 496 2821 obstantesque
513 2753 647 2816 manus,
666 2732 862 2823 turbamque
878 2743 1044 2797 tenentem

86 2849 214 2934 Vincit,
235 2848 269 2915 in
288 2848 478 2933 ardentem,
497 2846 607 2934 liccat,
625 2852 786 2917 moritura
802 2849 980 2917 maritum?

87 2968 194 3060 Major
212 2981 298 3036 certe
316 2965 379 3034 illis
402 2970 545 3061 Superos
563 2982 596 3035 et
611 2971 747 3037 Tartara
765 2968 892 3062 pulsem

87 3086 215 3154 Invidia
232 3112 240 3154 :
258 3089 401 3156 externis
418 3090 518 3156 etiam
536 3086 718 3156 miserabile
735 3089 807 3155 visu

87 3211 200 3276 Funus
221 3225 301 3277 erat.
323 3208 386 3278 Sed
402 3234 463 3278 nec
482 3209 581 3276 modo
599 3233 633 3276 se
650 3222 769 3277 natura
786 3208 927 3297 dolenti,

90 3331 159 3398 Nec
177 3332 284 3397 Pietas
301 3332 423 3422 injusta
442 3329 534 3398 dedit
552 3355 560 3396 ε
581 3329 662 3395 milri
684 3327 796 3396 limine
814 3331 922 3423 primo

86 3453 263 3532 Fatorum,
282 3463 314 3519 et
332 3450 445 3536 viridi,
467 3451 613 3543 genitor,
631 3473 691 3516 ceu
712 3464 827 3543 raptus
845 3451 886 3519 ab
905 3476 994 3535 aevo,

89 3568 227 3631 Tartara
244 3565 328 3632 dura
343 3567 446 3653 subis;
463 3594 523 3637 nec
542 3568 630 3636 enim
647 3570 857 3638 Marathonia
877 3572 970 3664 virgo
1034 3587 1040 3596 ’

90 3683 224 3749 Parcius
242 3684 440 3751 exstinctum
456 3713 617 3756 saevorum
633 3689 770 3756 crimine
788 3703 953 3782 agrestum

89 3800 232 3870 Fleverit
253 3803 415 3889 Icarium,
431 3805 573 3899 Phrygia
592 3832 692 3900 quam
710 3824 801 3877 turre
823 3809 993 3877 cadentem

90 3921 283 3991 Astianacta
296 3947 415 4016 parens
433 3948 440 3989 :
460 3921 576 4016 laqueo
593 3929 674 4021 quin
691 3927 747 3995 illa
763 3953 933 4022 supremos

89 4040 228 4111 inclusit
248 4045 414 4137 gemitus:
435 4057 466 4111 at
485 4057 533 4131 te,
548 4062 623 4140 post
639 4047 754 4116 funera
774 4050 884 4140 magni
