2812 5258
231 410 286 447 aoo
546 389 760 444 Tflusstlnos
782 388 895 444 LIBER
915 389 954 446 X.
1156 392 1189 453 (v.
1206 393 1280 458 ⁸05.)

229 517 364 605 Quosve
384 539 446 608 ego
463 528 661 607 conceptus,
683 528 742 582 aut
759 537 832 607 quae
849 510 935 582 male
955 513 1097 608 pignora
1115 515 1186 586 fudi

228 639 312 704 Tam
331 634 462 704 diversa
479 634 584 703 mihi?
599 634 759 702 nimirum
777 635 921 703 Martius
941 638 1078 730 anguis,

229 756 492 850 Quaequenovis
510 752 684 849 proavum'
695 753 793 824 tellus
812 753 960 825 effloruit
978 758 1088 826 armis.

229 879 315 946 Hinc
334 877 435 944 animi
454 877 577 963 tristes,
596 875 785 970 nimiusque
804 875 991 970 in'pectore
1010 879 1165 959 Mavors,

229 1003 272 1068 Et
289 997 330 1065 de
344 1012 451 1065 matre
467 995 550 1065 nihil
567 1022 575 1065 :
598 1011 717 1090 sponte
732 1020 775 1066 eu
789 995 943 1091 ultroque
960 1014 1153 1093 peremptus

230 1119 393 1212 Irrumpis
412 1131 544 1187 moestas
563 1117 640 1186 fatis
656 1115 847 1186 nolentibus
863 1117 1009 1187 umbras.

229 1243 289 1308 Ast
305 1253 437 1334 egomet
456 1242 606 1325 Danaos,
626 1240 849 1332 Capaneaque
865 1237 930 1308 tela
944 1240 1092 1309 verebar.

185 1376 213 1459 aa
230 1363 307 1428 llaec
319 1373 407 1443 erat,
419 1359 490 1428 haec
502 1356 679 1427 metuenda
690 1383 826 1445 nunus,
838 1357 1049 1454 ferrumque,
1061 1361 1152 1453 quod
1162 1386 1278 1433 amens

228 1482 305 1573 Ipsa
324 1477 424 1548 dedi:
446 1475 576 1566 viden’,
596 1491 634 1546 ut
645 1475 767 1571 jugulo
788 1481 1011 1548 consumserit
1025 1482 1162 1551 ensem?

143 1665 146 1670 .
232 1598 342 1669 Altius
357 1599 447 1668 haud
465 1600 640 1692 quisquam
656 1601 813 1667 Danaum
831 1623 991 1669 mucrone
1009 1601 1163 1673 subisset.
1178 1635 1195 1670 s

278 1721 414 1789 Diceret
432 1718 547 1789 infelix
565 1719 750 1787 etiamnum
768 1734 801 1788 et
818 1735 939 1789 cuncta
956 1721 1099 1816 repleret
1120 1732 1121 1739 ’

231 1841 415 1932 Questibus
434 1867 443 1909 ε
463 1840 637 1910 abducunt
656 1843 814 1925 comites‚‘
828 1841 1030 1938 famulaque
1047 1870 1200 1940 perosam

231 1961 383 2031 Solantes
402 1961 616 2057 thalamoque
633 1977 772 2032 tenent:
794 1962 887 2032 sedet
903 1979 998 2034 eruta
1013 1966 1119 2036 multo

234 2086 353 2176 Ungue
369 2108 492 2179 genas:
514 2110 583 2153 non
600 2082 656 2155 illa
675 2083 780 2171 diem,
801 2095 869 2154 non
888 2087 988 2155 verba
1007 2066 1204 2181 precantum

230 2205 392 2297 Respicit,
410 2220 469 2274 aut
486 2207 577 2274 meus
594 2205 698 2274 ssectit
717 2204 837 2287 tellure
858 2206 1012 2295 relictos,

229 2326 301 2390 Jam
322 2324 429 2410 vocis,
443 2325 516 2416 jam
535 2324 655 2392 mentis
672 2326 770 2418 inops
789 2352 797 2392 ι
820 2327 869 2393 sic
888 2349 1005 2425 aspera
1025 2329 1119 2421 tigris

230 2443 376 2511 Foetibus
390 2442 535 2537 abreptis
552 2440 855 2535 Scythico'deserta
871 2445 932 2512 sub
948 2459 1045 2513 antro

229 2563 393 2650 Accubat‚
412 2576 446 2632 et
465 2561 570 2656 tepidi
590 2559 708 2632 lambit
723 2563 864 2659 'uestigia
880 2566 958 2635 saxi.

176 2666 181 2671 Ι
230 2682 406 2778 Nusquam
418 2685 482 2753 'irae
498 2709 506 2752 :
523 2683 613 2754 'sedit
632 2684 970 2789 rabiesgferitu'sque,
992 2689 1161 2784 famesque

231 2807 327 2891 Oris,
346 2821 428 2875 eunt
445 2821 567 2901 praeter
584 2831 701 2878 secura
716 2825 883 2895 armenta,
900 2834 1093 2906 gregesque.

231 2927 381 3020 Adspicit
396 2925 453 2996 illa
464 2931 579 3024 jacens
596 2957 603 2998 :
625 2931 682 3000 ubi
698 2933 803 3019 enim,
821 2930 944 3024 quibus
963 2932 1063 3004 ubera
1079 2951 1211 3028 pascat,

231 3051 300 3117 Aut
317 3026 400 3142 quos
424 3051 551 3144 ingenti
570 3058 700 3146 premat
717 3064 903 3143 exspectata
924 3054 1067 3147 rapina?

269 3173 439 3241 Hactenus
450 3197 558 3261 arma,
568 3174 670 3260 tubae,
681 3174 888 3266 ferrumque,
901 3191 934 3245 et
949 3177 1103 3247 vulnera:
1114 3177 1171 3247 sed
1183 3203 1274 3248 nunc

230 3290 390 3359 Cominus
406 3295 583 3387 astrigeros
599 3297 781 3388 Capaneus
792 3294 970 3389 tollendus,
981 3300 1024 3385 in¹
1036 3325 1123 3369 axes.

228 3411 306 3478 Non
325 3413 409 3479 mihi
424 3414 613 3507 jam‚solito
630 3423 744 3483 vatum
765 3416 807 3485 de
826 3443 919 3489 more
938 3421 1150 3495 cauendum:

227 3529 339 3621 Major
354 3531 397 3598 ab
418 3535 534 3601 Aoniis
553 3533 715 3604 'sumenda
731 3536 869 3608 audacia
888 3538 981 3611 lucis.
1002 3588 1028 3626 ,t

228 3649 360 3716 Mecum
381 3674 497 3720 omnes
517 3653 640 3724 audete
659 3658 762 3726 Deae:
783 3660 852 3728 sive
873 3659 929 3730 ille
948 3662 1115 3755 profunda

228 3768 351 3837 Missus
372 3783 470 3838 nocte
487 3770 596 3863 furor,
616 3777 840 3874 Capaneaque
860 3781 954 3876 signa
976 3799 1096 3856 secutae
1151 3789 1153 3792 ’

228 3891 328 3958 Arma
344 3893 459 3960 Jovem
477 3909 594 3981 contra
611 3900 733 3994 Stygiae
750 3925 891 3995 rapuere
910 3879 1054 3993 sorores,

228 4012 291 4078 Seu
310 4011 416 4081 virtus
435 4038 564 4110 egressa
579 4018 733 4111 modum,
752 4046 809 4090 seu
827 4021 934 4116 gloria
954 4052 1119 4122 praeceps,
