2812 5258
194 446 250 503 aas
478 446 725 502 AClllLLElDOS
746 447 857 502 claun
878 447 914 505 11.
1107 447 1144 507 (v.
1161 448 1232 509 ηε.)

193 584 259 642 Aut
278 588 396 641 teretes
415 564 557 665 thyrsd,
572 587 629 640 aut
644 571 876 667 respondentia
893 587 1021 641 tentant

191 695 378 785 Tympana,
395 691 565 785 gemmatis
583 705 642 759 aut
660 706 798 760 nectunt
815 707 964 785 tempora
981 689 1090 758 limbis
1110 716 1119 758 :

194 815 292 881 Arma
310 809 436 897 vident,
452 834 640 905 magnoque
660 825 782 904 putant
799 810 922 879 donata
940 808 1099 905 parentis

191 935 233 999 At
251 930 339 998 ferus
358 928 522 1017 AEacides,
542 929 726 999 radiantem
745 945 784 998 ut
800 931 950 999 cominus
970 928 1084 997 orbem

189 1046 347 1117 Celatum
366 1050 486 1143 pugnis
503 1050 614 1134 saevis,
636 1064 671 1117 et
688 1049 774 1117 forte
794 1049 967 1117 rubentem

191 1167 353 1238 Bellorum
374 1167 529 1255 maculis,
544 1167 703 1237 acclinem
723 1183 756 1237 ct
772 1169 934 1261 conspicit
952 1168 1098 1254 hastam,

188 1289 381 1377 infremuit,
404 1291 566 1382 torsitque
581 1314 701 1384 genas,
720 1303 754 1357 ct
768 1289 878 1359 fronte
898 1287 1011 1357 relicta

187 1411 367 1478 surrexere
384 1434 487 1479 comae
506 1436 515 1477 ε
532 1433 695 1501 nusquam
713 1407 867 1477 mandata
886 1409 1048 1501 parentis,

188 1506 361 1622 Nusquam
378 1528 529 1599 occultus
545 1553 652 1613 amor,
668 1542 805 1620 totoque
822 1530 856 1596 in
872 1544 1004 1621 pectore
1018 1528 1121 1620 Troja
1135 1543 1198 1597 est.

235 1653 283 1719 Ut
303 1648 371 1736 leo,
389 1664 541 1717 materno
558 1672 660 1742 quum
679 1663 794 1741 raptus
814 1646 856 1716 ab
876 1646 977 1716 ubere
994 1624 1102 1716 mores

187 1768 336 1862 Accepit,
356 1769 508 1862 pectique
522 1767 639 1860 jubas,
656 1767 890 1862 hominemque
908 1768 1014 1835 vereri

186 1888 349 1975 Edidicit,
368 1886 541 1982 nullasque
556 1890 624 1957 ruit
644 1888 707 1957 nisi
724 1890 835 1982 jussus
852 1889 887 1957 in
906 1888 990 1974 iras;

187 2010 221 2075 Si
238 2006 337 2077 semel
357 2007 496 2078 adverso
517 2008 658 2078 radiavit
675 2007 800 2077 lumine
817 2007 958 2094 ferrum,

187 2128 325 2220 Ejurata
346 2127 445 2216 fides,
465 2128 674 2222 domitorque
693 2130 865 2215 inimicus3
885 2129 918 2196 in
938 2126 1030 2196 illum

187 2251 298 2319 Prima
313 2250 431 2338 fames,
451 2249 633 2341 timidoque
654 2248 756 2342 pudet
772 2251 908 2319 servisse
927 2250 1092 2343 magistro.

236 2371 284 2437 Ut
302 2393 382 2436 vero
400 2367 536 2436 accessit
551 2368 703 2458 propius,
724 2364 844 2457 luxque
860 2367 978 2436 aemula
996 2366 1126 2437 vultum

186 2486 359 2571 Reddidit,
377 2499 412 2553 et
431 2482 570 2552 similem
587 2482 720 2552 tandem
738 2508 773 2552 se
789 2483 873 2552 vidit
889 2486 924 2552 in
942 2510 1042 2572 auro,

186 2607 343 2691 Horruit,
361 2603 560 2697 erubuitque
580 2602 678 2673 simul
698 2629 706 2672 :
725 2619 806 2673 tunc
826 2629 901 2675 acer
919 2601 1030 2674 Ulixes

186 2725 347 2796 Admotus
367 2725 462 2794 lateri
480 2725 642 2793 submissa
658 2749 740 2793 voce
760 2751 768 2792 ε
788 2754 804 2789 α
823 2723 915 2815 Quid
930 2724 1057 2792 haeres?

187 2848 335 2932 Scimus,
357 2848 421 2933 ait,
444 2861 480 2914 tu
497 2845 640 2914 semiferi
657 2845 811 2914 Chironis
828 2843 1000 2927 alumnus,

186 2969 237 3034 Tu
256 2964 344 3052 coeli,
362 2965 538 3060 pelagique
556 2990 684 3060 nepos:
703 2980 733 3031 te
749 2964 869 3032 Dorica
886 2962 1016 3050 classis,

185 3088 232 3152 Te
252 3100 307 3153 tua
324 3087 490 3177 suspensis
506 3098 672 3178 exspectat
686 3084 814 3151 Graecia
831 3084 951 3178 signis,

185 3208 326 3299 Ipsaque
340 3207 407 3299 jam
424 3206 532 3274 dubiis
550 3217 668 3272 nutant
682 3201 741 3268 tibi
759 3205 918 3298 Pergama
939 3208 1050 3274 muris.

185 3327 265 3410 Eia,
286 3351 361 3418 age,
379 3349 497 3417 rumpe
514 3347 622 3391 moras
644 3347 652 3390 :
671 3323 759 3406 sine,
780 3322 905 3415 perfida
921 3324 1039 3419 palleat
1058 3325 1131 3412 Ide,

185 3446 230 3511 Et
243 3446 336 3537 juvet
353 3444 420 3512 haec
436 3443 552 3511 audire
568 3456 713 3534 patrem,
730 3442 918 3537 pudeatque
937 3444 1084 3513 dolosam

184 3565 239 3630 Sic
256 3588 318 3655 pro
337 3578 368 3630 te
388 3563 534 3629 timuisse
552 3561 673 3629 Thetin
691 3587 698 3630 :
716 3592 731 3625 a
754 3563 822 3654 jam
840 3578 952 3656 pectus
969 3567 1092 3633 amictu

184 3680 347 3765 Laxnbat,
366 3704 470 3772 quum
486 3678 612 3772 grande
631 3682 726 3768 tuba,
744 3684 791 3750 sic
802 3684 928 3776 jussus,
943 3688 1079 3778 Agyrtes
1097 3740 1102 3747 ,

184 3799 335 3867 Insonuit
350 3824 357 3865 ε
375 3797 508 3891 fugiunt
525 3801 668 3895 disjectis
685 3802 831 3896 undique
850 3805 961 3889 donis,

181 3915 428 4015 implorantque
447 3937 594 4016 patrem,
614 3940 844 4018 commotaque
861 3925 974 4019 proelia
991 3925 1140 3997 credunt.

182 4039 275 4109 lllius
292 4042 422 4111 intactae
436 4043 584 4113 cecidere
599 4069 618 4112 a
634 4059 765 4138 pectore
779 4061 893 4114 vestes.
