2812 5258
326 407 363 474 t6
641 404 856 461 masunos
879 379 989 459 amsa
1012 401 1046 453 v.
1255 398 1286 453 o.
1302 390 1372 456 ns.)

325 535 506 621 Gentibus,
526 532 667 623 aequorei
688 527 856 596 redierunt
875 523 995 593 vellera
1014 523 1147 614 Phryxi.

374 656 448 721 «Ut
464 665 547 720 stata
566 648 623 717 lux
641 647 775 742 pelago,
795 660 1039 736 venturumque
1053 642 1177 710 aethera
1196 642 1301 709 sensit

325 775 468 869 Tiphys,
488 787 521 840 et
539 769 669 839 occidui
688 769 830 836 rubuere
848 764 971 836 cubilia
988 765 1124 848 Phoebi;

326 899 400 962 Heu
418 895 539 961 iterum
558 891 717 985 gemitus,
737 891 924 979 iterumque
942 885 1121 953 novissima
1137 908 1203 952 nox
1220 901 1281 955 est.

327 1015 392 1080 Vix
411 1024 558 1079 reserata
578 1009 667 1095 dies,
687 1024 720 1077 et
736 1010 807 1100 jam
826 1022 898 1075 rate
917 1003 1024 1074 celsus
1037 1002 1142 1073 lason

326 1136 378 1200 lre
395 1131 509 1224 jubet,
529 1133 706 1226 primoque
724 1129 802 1198 ferit
821 1127 889 1195 dux
910 1125 1046 1194 verbere
1066 1140 1217 1218 pontum.

327 1250 441 1322 lllose
461 1251 623 1348 scopulis,
642 1265 676 1321 et
694 1275 824 1320 summo
844 1251 966 1319 vertice
982 1249 1123 1331 montis,

326 1376 470 1466 Spumea
486 1375 630 1466 porrecti
648 1372 841 1440 dirimentes
859 1387 951 1464 terga
967 1368 1124 1463 profundi

326 1495 565 1585 Prosequimur
579 1494 669 1577 visu,
687 1490 792 1559 donec
810 1489 942 1559 lassavit
958 1504 1072 1559 euntes

327 1617 401 1681 Lux
420 1611 551 1696 oculos,
569 1609 773 1704 longumque
789 1608 867 1703 polo
887 1624 1063 1677 contexere
1079 1612 1148 1679 visa
1166 1626 1215 1679 est

329 1737 471 1826 AEquor,
490 1747 524 1800 et
542 1732 678 1800 extremi
691 1724 816 1825 'pressit
836 1728 921 1798 freta
940 1731 1091 1824 margine
1111 1729 1196 1798 coeli.

378 1857 505 1921 «Fama
525 1853 614 1921 subit
628 1865 768 1947 portus,
789 1865 921 1919 vectum
941 1866 1032 1920 tram
1053 1850 1120 1920 alta
1140 1851 1293 1921 Thoanta

329 1979 488 2043 Fraterna
506 1998 647 2069 regnare
665 1957 751 2044 Cbio
766 1990 779 2040 t
795 1974 878 2041 mibi
895 1975 1035 2043 crimina
1052 1973 1160 2061 nulla,

329 2097 373 2162 Et
391 2118 513 2162 vacuos
534 2095 651 2163 arsisse
668 2118 767 2188 rogos
787 2120 796 2162 :
817 2093 929 2162 sremit
949 2095 1052 2187 impia
1072 2093 1184 2187 plebes

329 2214 487 2281 Sentibus
508 2239 652 2282 accensae
671 2213 830 2300 stimulis,
851 2213 1045 2306 facinusque
1065 2229 1256 2305 reposcunt.

328 2334 539 2421 Quinetiam
556 2330 694 2401 occultae
713 2331 814 2425 vulgo
834 2332 1078 2404 increbrescere
1096 2354 1192 2398 voces
1211 2355 1219 2396 ε

328 2450 448 2520 Solane
463 2449 528 2519 fida
544 2450 633 2518 suis?
654 2475 714 2518 nos
733 2466 844 2519 autem
863 2453 897 2519 in
915 2450 1032 2520 funera
1051 2450 1152 2519 laetael

329 2573 405 2641 Non
420 2574 511 2640 Deus
525 2570 614 2656 brec,
629 2569 817 2664 fatumque,
830 2571 920 2664 quod
936 2573 1078 2665 imperat
1092 2571 1174 2640 urbe
1188 2571 1343 2639 nefanda.

376 2690 538 2761 «Talibus
552 2691 711 2760 exanimis
728 2691 825 2761 dietis
842 2692 897 2787 (et
912 2694 1004 2761 triste
1021 2695 1224 2788 propinquat

329 2810 549 2905 Supplicium,
572 2836 632 2881 nec
649 2834 752 2908 regna
765 2815 922 2919 juvant),
942 2838 1024 2908 vaga
1044 2812 1141 2881 litora
1160 2813 1247 2881 furto

307 2934 526 3001 .lncomitata
545 2934 900 3028 sequor,·funestaque
918 2936 1038 3003 moenia
1056 2932 1189 3028 linquo,

329 3053 406 3138 Qua
424 3051 503 3146 fuga
521 3068 601 3121 uota
619 3056 740 3147 patris,
758 3055 815 3125 sed
835 3081 902 3124 non
921 3058 1041 3124 iterum
1062 3057 1179 3125 obvius
1197 3061 1293 3126 Evan
1311 3083 1320 3124 ε

329 3171 415 3237 Nam
433 3197 485 3239 me
502 3173 695 3266 predonum
713 3178 912 3247 manus·huc
928 3177 1068 3273 appulsa
1087 3193 1248 3247 tacentem

329 3291 474 3382 Arripit,
492 3306 526 3360 et
544 3308 668 3363 vestras
689 3295 846 3365 famulam
864 3301 1059 3367 transmittit
1074 3301 1109 3366 in
1127 3323 1212 3367 oras.
1226 3328 1243 3362 t)

376 3407 469 3477 Talia
489 3413 632 3482 Iernoeis
654 3416 752 3485 iterat
772 3417 852 3485 dum
873 3419 1005 3514 regibus
1025 3419 1116 3507 exsul

328 3529 497 3616 Lemnias,
518 3545 551 3599 et
568 3529 669 3627 longa
687 3535 813 3605 solatur
830 3537 951 3607 damna
971 3539 1123 3633 querela,

328 3649 507 3717 Immemor
527 3651 686 3740 absentis,
707 3657 754 3724 sic
776 3658 820 3725 Di
840 3661 1003 3746 suasistis,
1027 3659 1169 3748 alumni,

327 3765 388 3833 llle
406 3792 523 3861 graves
541 3770 673 3857 oculos,
691 3773 949 3871 languentiaque
968 3805 1026 3848 ora
1048 3782 1194 3848 comanti

327 3888 451 3980 Mergit
469 3889 589 3979 humo,
608 3892 777 3989 fessusque
794 3897 850 3965 diu
869 3898 1049 3991 puerilibus
1067 3903 1148 3970 actis

327 4006 467 4115 Labitur
487 4010 520 4077 in
542 4035 693 4100 somnos;
712 4041 833 4109 prensa
852 4044 969 4087 manus
989 4021 1090 4090 haeret
1111 4024 1145 4089 in
1165 4019 1278 4090 herba.
