2812 5258
79 467 190 532 l'·²tt3·l
385 467 595 523 THEBAIDOS
615 467 723 523 LIBER
745 468 796 523 111.
1049 483 1105 538 ²29

79 591 176 659 Haud
191 615 285 659 mora
300 589 431 659 desiluit
451 615 550 659 curru
565 589 765 683 :clypeoque
784 604 947 685 receptam

79 711 182 780 Laedit
203 713 236 777 in
254 709 422 804 amplexu,
444 710 605 803 dictisque
622 712 667 778 ita
686 709 807 779 mulcet
825 712 955 778 amicis:

128 832 188 897 «Ο
206 830 304 914 mihi,
323 828 484 898 bellorum
504 832 652 922 requies,
671 844 704 897 et
721 853 812 897 sacra
829 828 1001 922 voluptas,

80 951 221 1041 Unaque
238 973 303 1041 pax
318 946 446 1017 animo!
469 947 530 1016 soli
546 950 599 1016 cui
618 961 708 1016 tanta
723 963 866 1042 potestas

80 1072 307 1162 Divorurnque
324 1070 561 1161 hominumque
577 1069 657 1136 meis
679 1092 848 1136 occurrere
867 1066 940 1135 telis

82 1194 237 1282 impune,
256 1201 289 1256 et
308 1188 415 1256 media
434 1188 584 1280 quamvis
605 1188 639 1254 in
660 1186 746 1255 caede
766 1187 940 1255 frementes

82 1313 151 1377 Hos
167 1309 315 1376 assistere
330 1331 446 1400 equos,
465 1308 555 1374 hunc
575 1330 684 1374 ensem
701 1304 840 1374 avellere
857 1305 993 1374 dextra:

81 1431 152 1497 Nec
170 1429 250 1495 mihi
269 1427 395 1496 Sidonii
412 1425 564 1520 genitalia
582 1426 703 1494 foedera
723 1426 856 1513 Cadmi,

82 1551 224 1618 Noctua
244 1573 319 1617 cara
335 1547 414 1617 fides
435 1547 494 1641 (ne
513 1545 594 1615 falsa
612 1548 770 1616 incessere
791 1546 914 1641 gaude)

82 1667 284 1736 Exciderunt
302 1693 309 1736 :
328 1669 420 1760 prius
439 1668 473 1734 in
490 1668 600 1760 patrui
618 1669 709 1735 Deus
725 1667 827 1734 infera
845 1690 976 1760 mergar

83 1791 224 1880 Stagna,
244 1802 277 1854 et
295 1785 455 1879 pallentes
475 1810 554 1879 agar
574 1801 758 1855 exarmatus
780 1786 821 1853 ad
841 1786 985 1853 umbras.

84 1905 147 1974 Sed
165 1930 253 1973 nunc
270 1909 427 1971 Fatorum
446 1905 607 1986 monitus,
625 1920 833 1996 mentemque
852 1903 997 1996 supremi

84 2030 198 2093 Jussus
216 2025 308 2092 obire
323 2024 444 2117 patris,
463 2047 570 2115 neque
588 2025 675 2091 enim
691 2022 854 2092 Vulcania
874 2023 931 2090 tali

86 2145 229 2237 Imperio
247 2167 364 2210 manus
383 2157 455 2234 apta
480 2140 559 2236 legi,
579 2167 645 2234 quo
667 2156 798 2235 pectore
817 2157 931 2211 contra

86 2267 139 2331 Ire
157 2268 289 2351 lovem,
308 2262 474 2354 dictasque
495 2287 607 2355 parem
625 2277 834 2331 contemnere
852 2262 961 2358 leges?

84 2385 148 2451 Cui
171 2382 284 2469 modo,
303 2407 363 2475 pro
382 2379 484 2450 vires!
507 2397 624 2468 terras,
644 2381 843 2475 coelumque,
864 2383 1064 2475 fictumque,

85 2507 271 2571 Attremere
291 2504 418 2586 oranti,
438 2516 612 2594 tantosque
628 2525 667 2568 ex
686 2501 802 2570 ordine
821 2503 885 2571 vidi

85 2621 260 2690 Dolituisse
276 2625 363 2689 Deos
378 2639 385 2681 :
399 2621 455 2688 sed
477 2646 517 2688 ne
533 2622 613 2689 milri
632 2623 730 2690 corde
749 2649 919 2716 supremos

84 2744 249 2834 Concipe,
269 2766 360 2823 cara,
380 2758 501 2826 metus;
519 2741 653 2833 quando
674 2741 742 2809 haec
761 2756 890 2809 mutare
908 2756 1052 2835 potestas

84 2861 184 2930 Nulla
203 2861 325 2930 datur:
348 2886 451 2953 quum
468 2862 536 2953 jam
553 2863 660 2952 Tyriis
679 2861 739 2926 snb
757 2861 917 2928 moenibus
938 2863 1041 2930 ambae

84 2982 258 3050 Bellabunt
274 2995 401 3076 gentes,
420 2979 537 3064 adero,
558 2994 591 3047 et
611 2981 699 3047 socia
716 3003 807 3047 arma
818 2980 952 3071 juvabo.

85 3102 177 3168 'l'unc
190 3125 243 3168 me
261 3100 442 3193 sanguineo
459 3097 525 3166 late
546 3098 711 3167 defervere
730 3124 847 3192 campo

87 3225 150 3288 Res
166 3245 265 3313 super
282 3218 451 3314 Argolicas
470 3219 557 3287 haud
579 3222 625 3286 sic
645 3219 770 3311 dejecta
789 3218 935 3287 videbis:

88 3344 158 3407 Hoc
180 3342 259 3408 mihi
274 3343 347 3433 jus,
366 3369 426 3412 nec
441 3347 521 3411 Fata
542 3355 696 3408 vetant.»
715 3340 769 3408 Sic
790 3365 883 3408 orsus
902 3355 1017 3434 aperto

86 3464 111 3527 F
115 3457 278 3552 lagrantes
294 3463 429 3530 immisit
447 3486 549 3556 equos
568 3487 575 3528 :
594 3485 660 3528 non
680 3461 770 3528 ocius
790 3459 847 3527 alti

87 3582 126 3647 ln
148 3593 250 3648 terras
267 3578 354 3647 cadit
371 3582 418 3648 ira
438 3584 545 3668 Jovis,
568 3582 593 3648 si
611 3579 745 3674 quando
760 3579 902 3648 nivalem

87 3697 236 3789 Othryn,
254 3711 287 3764 et
306 3700 434 3766 Arctoae
451 3699 594 3792 gelidum
613 3715 713 3794 caput
729 3701 847 3768 institit
866 3701 976 3783 Ossae,

87 3819 302 3909 Armavitque
320 3817 353 3883 in
374 3817 462 3884 nube
477 3844 610 3887 manum
627 3818 739 3887 :volat
756 3821 853 3912 ignea
869 3816 971 3886 moles

87 3939 179 4004 Saeva
196 3938 258 4004 Dei
279 3935 433 4004 mandata
453 3934 574 4025 ferens,
593 3935 777 4029 coelumque
794 3938 928 4007 trisulca

88 4056 231 4124 Territat
247 4079 345 4125 omne
362 4079 474 4139 coma,
492 4055 686 4147 jamdudum
704 4071 761 4124 aut
777 4055 900 4125 ditibus
915 4059 1003 4150 egris
