2812 5258
349 471 400 536 rsa
693 470 721 522 P.
745 466 865 522 runnu
886 464 1007 520 snam
1281 464 1382 525 (ms.)

343 596 447 659 Tanta
465 593 544 659 mihi
565 592 692 675 feritas,
709 604 802 658 tanta
819 603 869 656 est
888 589 1012 655 insania
1030 583 1154 655 luctus!

392 714 462 778 Hoc
480 733 610 802 quoque
626 732 728 799 quum
748 706 889 774 meditor
905 705 1040 773 terdena
1059 704 1131 772 lune
1146 717 1283 798 peracta

343 826 484 896 acclinis
499 824 641 911 tumulo,
660 824 765 892 luctus
781 825 816 890 in
831 823 975 891 carmina
992 837 1099 909 verto,

343 943 579 1034 Discordesque
596 940 726 1028 modos,
744 956 776 1009 et
792 939 1002 1034 singultantia
1018 941 1118 1009 verba

343 1061 472 1130 Molior.
493 1065 577 1129 Orsa
597 1058 691 1129 dolor
709 1056 862 1156 prohibet
881 1084 889 1125 τ
908 1073 1007 1151 atque
1026 1060 1074 1127 ira
1092 1060 1224 1128 tacendi

343 1182 517 1272 Impatiens
534 1205 541 1246 :
558 1179 613 1246 sed
631 1206 690 1249 nec
709 1179 810 1248 solitae
827 1177 906 1244 mihi
923 1179 1042 1245 vertice
1057 1175 1183 1264 laurus,

342 1298 411 1365 Nec
430 1296 529 1368 fronti
547 1304 681 1369 vittatus
698 1300 803 1366 honos
821 1323 828 1364 :
845 1323 886 1366 en
904 1310 998 1365 taxea
1013 1310 1137 1363 marcet

342 1413 429 1486 Silva
448 1421 563 1505 comis,
583 1418 765 1510 hilaresque
784 1416 897 1485 ederas
914 1413 1041 1509 plorata
1059 1438 1233 1508 cupressus

342 1536 493 1605 Excludit
511 1551 624 1604 tenues
641 1561 649 1602 :
666 1537 785 1628 ignavo
800 1533 918 1629 pollice
933 1531 1071 1602 chordas

340 1652 456 1727 Pulso;
477 1652 532 1719 scd
550 1655 711 1722 incertum
728 1651 839 1746 digitis
858 1653 1043 1720 errantibus
1061 1674 1173 1720 amens

339 1771 457 1839 Tundo
475 1770 592 1864 chelyn
612 1797 621 1839 :
638 1771 734 1862 juvat
749 1767 831 1839 heu!
848 1772 944 1862 juvat
959 1767 1146 1839 illaudabile
1161 1790 1298 1839 carmen

339 1890 503 1977 Fundere,
522 1908 554 1958 et
573 1891 715 1957 incomte
732 1891 886 1958 miserum
906 1888 1032 1958 nudare
1048 1888 1207 1958 dolorem.

338 2010 391 2076 Sic
409 2011 529 2093 merui3
550 2010 596 2077 sic
613 2032 666 2076 me
682 2022 848 2101 cantuque
866 2008 1046 2100 habituque
1065 2007 1232 2077 nefastum

337 2127 527 2220 Adspiciant
547 2129 690 2220 Superi:
710 2126 833 2221 pudeat
850 2126 1044 2219 Thebasque
1063 2149 1258 2222 novumque

337 2246 501 2314 AEacidem
521 2273 530 2315 :
549 2245 596 2314 nil
613 2248 681 2340 jam
700 2245 856 2340 placitum
873 2245 1021 2313 manabit
1037 2244 1079 2314 ab
1095 2269 1166 2318 oro

384 2362 444 2431 Ille
459 2388 534 2457 ego,
552 2365 609 2455 qui
629 2365 725 2432 toties
740 2362 880 2432 blandus
896 2376 1105 2456 matrumque
1118 2377 1322 2459 patrumque

337 2480 496 2567 Vulnera,
513 2482 571 2572 qui
588 2482 680 2549 vivos
698 2482 792 2574 potui
808 2479 952 2550 mulcere
967 2480 1113 2568 dolores3

334 2599 394 2670 Ille
411 2623 472 2693 ego
489 2597 660 2693 lugentum
676 2600 765 2667 mitis
781 2598 918 2685 solator,
935 2599 1059 2669 acerbis

334 2718 474 2789 Auditus
491 2714 641 2804 tumulis,
656 2731 691 2786 et
707 2717 975 2787 descendentibus
991 2717 1132 2805 umbris,

334 2836 472 2922 Deficio,
491 2835 697 2929 medieasque
715 2860 845 2922 manus,
865 2836 1074 2930 fomentaque
1090 2860 1206 2930 worn

333 2951 546 3038 Vulneribus,
563 2953 619 3022 sed
638 2979 779 3042 summa,
796 2957 878 3024 meis
895 2980 903 3023 s
923 2978 1012 3023 nunc
1028 2969 1178 3047 tempus,
1195 2956 1316 3043 amici,

331 3073 483 3160 Quorum
499 3096 561 3166 ego
576 3087 743 3141 manantes
757 3072 869 3142 oculos
884 3087 918 3141 et
934 3073 1043 3141 saucia
1057 3073 1134 3142 tersi

333 3193 482 3274 Pectora,
500 3190 636 3261 reddere
652 3215 762 3283 opem,
778 3214 942 3283 saevasque
957 3188 1120 3259 exsolvere
1137 3206 1259 3284 grates.

331 3309 494 3376 Nimirum
510 3324 590 3379 tunc
604 3324 711 3378 vestra
728 3309 864 3378 domans
879 3333 941 3402 ego
954 3309 1107 3395 vulnera,
1122 3324 1261 3379 anmatos

330 3427 482 3519 Increpui
501 3451 509 3492 ε
528 3450 616 3496 nunc
632 3427 750 3495 damna
766 3425 880 3496 dolens
896 3425 1038 3513 alterna,
1055 3450 1195 3520 reposco

328 3540 444 3610 Infelix
459 3541 631 3636 lacrymas,
647 3559 681 3612 et
696 3546 788 3614 mitia
803 3547 949 3614 carmina
963 3569 1083 3640 quero.

329 3664 452 3729 Verum
470 3677 555 3751 erat;
573 3663 751 3755 absumptae
769 3666 869 3751 vires,
886 3678 920 3732 et
934 3667 1028 3758 copia
1043 3663 1134 3732 fandi

326 3777 424 3848 Nulla
441 3780 535 3867 mihi,
552 3778 753 3874 dignumque
771 3780 852 3850 nihil
870 3806 962 3851 mens
978 3781 1115 3851 fulmine
1130 3794 1227 3851 tanto

325 3899 495 3990 Repperit3
515 3898 650 3967 inferior
669 3924 732 3967 vox
753 3901 873 3986 omnis,
889 3915 920 3969 ct
939 3901 1050 3969 omnia
1067 3896 1205 3968 sordent

325 4015 460 4082 Verba:
479 4017 622 4108 ignosce,
641 4041 739 4112 puer,
758 4033 794 4089 tu
813 4041 866 4086 me
883 4015 1023 4111 caligine
1038 4040 1184 4085 mersum
