2812 5258
293 483 346 538 ras
608 475 822 533 autumnos
844 475 956 531 uranu
978 477 1014 532 x.
1220 478 1253 538 (v.
1269 479 1343 541 205.)

289 606 512 702 Amphiaraus
531 603 600 671 adit
618 629 625 669 :
648 627 744 670 vanae
760 626 823 671 uec
840 617 990 671 monstra
1008 603 1151 696 quietis,
1226 656 1228 661 .

291 729 362 798 Nec
378 713 495 796 somno
514 737 685 818 comperta
703 721 834 815 loquor.
853 725 969 808 Tune,
986 724 1112 816 iuquit,
1130 725 1255 794 inertes

290 845 465 918 lnachidas
484 843 610 940 (redde
627 845 699 912 hec
717 845 892 912 Parnassia
906 859 1016 932 serta,
1035 870 1192 939 meosque

269 955 273 965 ¹
290 967 405 1038 Redde
424 964 535 1060 Deos)
554 981 682 1035 tantam
702 967 828 1060 patiere
843 965 997 1035 amittere
1014 982 1166 1052 noctem,

238 1116 242 1126 ·
290 1087 466 1183 Degener?
484 1087 555 1156 haec
572 1102 705 1181 egomet
722 1084 796 1156 coeli
816 1101 957 1175 morata,
974 1112 1145 1182 vagosque

288 1208 420 1279 Edocui
438 1207 569 1303 lapsus?
590 1207 674 1277 vade
691 1209 762 1292 eia,
781 1205 940 1277 ulciscere
961 1207 1050 1276 ferro

292 1332 360 1398 Nos
380 1328 498 1397 saltem
518 1355 526 1396 ε
547 1328 649 1415 dixit,
669 1353 789 1422 meque
806 1328 878 1398 lraec
894 1328 935 1397 ad
953 1328 1069 1400 limina
1085 1332 1176 1400 risus
1284 1325 1286 1329 ¹

292 1448 439 1544 Cuspide
453 1448 600 1537 sublata,
618 1463 755 1542 totoque
771 1448 941 1543 impellere
959 1476 1072 1521 curru.

291 1573 406 1661 Quare
425 1573 530 1665 agite,
552 1568 714 1638 utendum
735 1572 870 1665 Superis
891 1597 898 1638 :
920 1597 988 1640 non
1008 1575 1161 1643 cominus
1182 1575 1293 1645 hostes

293 1691 471 1763 Sternendi
490 1718 498 1760 :
518 1689 643 1760 bellum
654 1690 764 1782 jacet,
783 1706 817 1760 et
837 1694 951 1761 saevire
971 1709 1128 1788 potestas.

292 1816 400 1908 Ecqui
418 1811 579 1883 aderunt?
597 1814 825 1909 quos-ingenti
840 1838 875 1882 se
893 1812 1047 1887 attollere
1067 1816 1156 1885 fama

292 1939 372 2005 Non
385 1936 523 2030 pigeat,
534 1933 622 2003 dnm
634 1934 711 2004 fata
730 1935 864 2005 sinunt?
884 1938 1008 2006 iterum
1025 1963 1100 2008 ecee
1119 1925 1272 2036 benignae

292 2059 411 2126 Noctis
431 2082 507 2126 aves
527 2082 535 2125 :
558 2082 698 2151 sequor,
716 2073 750 2126 et
766 2059 925 2129 comitum
946 2059 1023 2129 licet
1043 2063 1176 2157 agmina
1196 2077 1344 2140 cessent.

294 2175 392 2245 Solus
410 2202 468 2265 eo,
485 2176 575 2246 solus
594 2205 602 2245 ε
623 2179 714 2246 venit
733 2177 805 2265 ille,
828 2193 862 2247 et
880 2197 1016 2272 quassat
1035 2181 1193 2249 habenas.
1212 2211 1228 2246 n

346 2295 441 2364 Talia
459 2296 659 2379 vociferans,
681 2296 813 2364 noctem
831 2300 1046 2385 exturbabat,
1066 2316 1213 2393 euntque

294 2416 371 2484 Non
390 2438 483 2482 secus
501 2414 629 2481 accensi
648 2412 819 2506 proceres,
837 2419 982 2507 quamsi
1001 2419 1157 2486 omnibus
1176 2415 1266 2487 idem
1325 2469 1328 2475 -

294 2533 405 2604 Corde
424 2535 517 2602 Deus
537 2557 545 2600 :
566 2531 710 2626 flagrant
727 2515 881 2602 comitari
899 2551 933 2603 et
955 2537 1092 2632 jungere
1112 2562 1217 2610 casus.
1313 2576 1321 2598 v

293 2660 360 2724 Ter
374 2654 478 2723 denos
498 2677 662 2740 numero,
683 2668 872 2724 turmarum
889 2658 1029 2746 robora,
1040 2659 1165 2752 jussus.
1397 2633 1403 2643 ι

294 2780 370 2871 Ipse
386 2774 490 2870 legit:
512 2777 600 2845 circa
614 2774 725 2844 fremit
742 2776 914 2872 indignata
928 2779 1085 2872 juventus

295 2902 433 2986 Cetera,
450 2921 511 2966 our
525 2913 684 2967 maneant
703 2900 835 2989 castris,
854 2901 1040 2993 ignavaque
1057 2921 1189 2974 servent

296 3021 375 3088 Otia
395 3043 497 3113 :pars
516 3017 658 3089 sublime
676 3045 800 3114 genus,
817 3044 894 3114 pars
911 3020 998 3123 facta
1016 3043 1172 3110 suorum,

296 3142 377 3208 Pars
387 3164 448 3209 sua
464 3166 472 3208 ε
492 3155 614 3210 sortem
630 3139 688 3209 alii
697 3138 861 3231 clamant,
881 3156 1003 3210 sortem
1023 3145 1171 3239 undique
1188 3164 1342 3240 poscunt.

346 3258 481 3329 Gaudet
499 3261 536 3343 in
554 3258 700 3329 adversis
719 3261 897 3352 animoque
917 3267 1061 3359 assurgit
1084 3264 1256 3337 Adrastus.
1320 3262 1323 3268 ’

295 3379 430 3448 Vertice
450 3381 498 3448 sic
519 3380 661 3450 Pholoes
680 3377 856 3469 volucrum
873 3386 1021 3454 nutritor
1036 3411 1218 3479 equorum,

297 3502 360 3569 Cui
382 3499 503 3568 foetura
519 3524 655 3595 gregem
676 3525 836 3595 pecoroso
856 3528 932 3574 vere
951 3509 1102 3595 novavit,

298 3623 460 3706 Laetatur,
481 3645 621 3689 cernens
643 3621 704 3691 hos
724 3624 900 3711 montisin
919 3625 1025 3695 ardua
1044 3629 1123 3715 niti,

297 3744 367 3809 Hos
389 3741 505 3808 innare
523 3740 632 3827 radis,
653 3757 781 3811 certare
801 3746 994 3838 parentibus
1015 3746 1098 3817 illos.

297 3865 392 3929 Tunc
410 3885 516 3930 vacuo
534 3861 596 3930 sub
614 3862 715 3932 corde
732 3860 857 3952 moret,
875 3867 933 3960 qui
952 3867 1053 3937 molle
1070 3870 1229 3942 domandi

298 3986 399 4052 Ferre
413 3984 551 4079 jugum,
572 3986 627 4078 qui
649 4001 741 4081 terga
752 3986 856 4071 -boui,
878 3989 952 4081 quis
970 3991 1003 4057 in
1020 4016 1113 4061 arma
1133 3994 1298 4088 tubasque

299 4107 425 4196 Natus,
438 4104 481 4176 ad
499 4105 595 4178 Eleas
612 4107 730 4178 melior
747 4108 822 4201 quis
841 4133 977 4204 surgere
996 4110 1132 4205 palmas.
