2812 5258
325 457 381 515 xro
626 448 836 504 russamos
858 448 970 502 sinen
984 448 1061 502 vm.
1248 448 1280 509 (v.

321 575 470 668 Longius
487 572 638 666 opposita
658 570 822 640 celantem
838 571 967 639 lumina
986 595 1123 665 parma:

321 693 396 762 Ibat
414 695 500 759 enirn
520 716 678 786 magnum
692 689 846 786 lacrymis
864 690 1031 760 inflectere
1050 705 1190 784 patrem.

370 815 455 880 Ecce
472 826 562 880 secat
579 813 748 905 Zephyros
766 814 933 906 ingentem
954 811 1104 879 fraxinus
1119 813 1202 879 iram

323 935 568 1024 Fortunamque
585 932 693 1000 ferens
711 957 719 997 :
740 931 798 999 teli
817 957 885 1000 non
902 933 1026 999 eminet
1044 946 1169 999 auctor.

323 1051 493 1121 Astacides
507 1049 719 1145 Menalippus
740 1066 829 1136 erat3
847 1076 908 1119 nec
929 1050 1078 1145 prodidit
1094 1053 1179 1145 ipse,

323 1173 367 1237 Et
384 1168 483 1239 vellet
501 1170 636 1240 latuisse
649 1195 786 1240 manum
809 1197 817 1237 t
837 1170 895 1238 sed
918 1170 1039 1264 gaudia
1057 1186 1174 1238 turmae

323 1291 557 1359 Monstrabant
575 1291 742 1385 trepidum
761 1319 769 1359 :
785 1316 863 1359 nam
877 1292 980 1359 flexus
998 1293 1034 1358 in
1052 1290 1108 1358 ilia
1120 1290 1253 1384 Tydeus
1284 1337 1285 1340 κ

325 1410 534 1479 Submissum
554 1410 659 1498 latus,
680 1426 714 1479 et
728 1410 833 1504 clypei
851 1410 1020 1478 laxaverat
1035 1410 1159 1478 orbem.

326 1529 514 1599 Clamorem
533 1532 630 1599 Aonii
650 1534 792 1598 miscent
810 1532 1035 1625 gemitumque
1054 1528 1200 1624 Pelasgi,

328 1650 573 1743 Objectantque
591 1675 729 1736 manus,
747 1651 1042 1744 indignantemque
1058 1663 1204 1718 tuentur.
1224 1696 1225 1699 =

328 1769 388 1839 Ille
407 1796 467 1863 per
483 1772 671 1864 oppositos,
690 1769 790 1865 longe
807 1772 966 1857 rimatus,
986 1795 1153 1856 amarum,

334 1890 532 1980 Astaciden,
552 1893 631 1960 totis
651 1893 768 1960 animae
787 1916 822 1960 se
840 1893 931 1986 cogit
950 1893 983 1959 in
1004 1894 1105 1959 ictum

332 2011 523 2105 Relliqniis,
541 2011 711 2106 telumque
727 2013 825 2105 jacit,
841 2011 932 2105 quod
952 2015 1124 2106 proximus
1144 2011 1292 2105 Hopleus

333 2132 522 2201 Praebuerat
542 2159 550 2198 :
570 2134 656 2225 perit
674 2157 848 2226 expressus
868 2135 1042 2201 conamine
1060 2135 1206 2226 sanguis.

383 2255 478 2319 Tunc
494 2253 603 2319 tristes
623 2253 703 2319 socii
721 2250 879 2342 cupidum
898 2249 1040 2337 bellare,
1062 2253 1149 2343 (quis
1164 2251 1304 2342 ardorl)

334 2373 377 2438 Et
391 2384 580 2462 poscentem
599 2368 730 2450 hastas,
750 2367 926 2459 mediaque
944 2371 978 2436 in
997 2384 1105 2437 morte
1123 2383 1297 2461 negantem

333 2487 529 2579 Exspirare,
548 2483 703 2571 trahunt,
713 2486 907 2579 'summique
923 2488 959 2555 in
977 2490 1126 2582 margine
1141 2489 1249 2580 campi

335 2606 497 2678 Effultum
510 2607 641 2701 gemina
657 2604 760 2675 latera
778 2606 971 2677 inclinantia
992 2633 1108 2703 parma

337 2733 492 2812 Ponunt,
512 2752 551 2795 ac
569 2729 645 2796 saevi
666 2727 850 2798 rediturum
870 2729 913 2797 ad
930 2729 1044 2823 proelia
1062 2730 1181 2796 Martis
1228 2762 1229 2766 ¹

339 2850 541 2918 Promittunt
559 2848 672 2918 flentes
691 2876 698 2916 :
719 2848 775 2918 sed
795 2865 828 2918 et
847 2851 917 2943 ipse
932 2847 1083 2917 recedere
1104 2847 1241 2927 coelum,

338 2974 558 3064 ingentesque
574 2972 702 3038 animos
722 2985 868 3038 extremo
888 2969 1009 3062 frigore
1027 2966 1092 3036 labi

339 3093 466 3175 Sensit,
485 3105 517 3158 et
538 3092 671 3159 innixus
693 3106 802 3177 terrae,
821 3090 1068 3178 «Miserescite,
1089 3089 1223 3172 clamat,

339 3211 506 3279 Inachidae
526 3237 533 3278 :
556 3236 623 3278 non
642 3235 716 3279 ossa
734 3234 854 3303 precor
871 3209 1058 3278 referantur
1078 3226 1114 3278 ut
1133 3216 1256 3304 Argos,

342 3329 530 3398 AEtolumve
547 3327 648 3397 larem
665 3356 673 3396 :
689 3355 748 3397 nec
764 3331 852 3395 enim
870 3330 951 3398 mihi
967 3356 1047 3399 cura
1066 3332 1208 3425 supremi
1248 3377 1250 3381 -

342 3450 500 3516 Funeris:
515 3447 570 3514 odi
586 3462 694 3533 artus,
713 3447 930 3542 fragilemque
946 3450 1034 3518 hunc
1053 3452 1202 3543 corporis
1225 3475 1320 3517 usum

343 3571 555 3637 Desertorem
572 3568 697 3634 animi:
718 3583 832 3661 caput,
850 3594 871 3635 o
890 3585 1007 3662 caput,
1026 3596 1047 3636 o
1064 3571 1144 3637 milri
1165 3573 1190 3637 si
1209 3572 1283 3662 quis

342 3691 523 3780 Apportet,
545 3685 750 3781 Menalippe‚
769 3687 877 3758 tuum!
898 3714 975 3757 nam
986 3689 1131 3758 volveris
1149 3692 1257 3757 arvis:

344 3804 428 3873 Fido
442 3805 612 3898 equidem;
629 3830 690 3874 nec
708 3832 761 3875 me
779 3809 884 3877 virtus
905 3834 1058 3902 suprema
1079 3809 1204 3878 fefellit.

345 3930 377 4009 I,
397 3950 526 4019 precor,
546 3928 684 3995 Atreisi
701 3926 781 4021 quid
797 3930 856 3995 tibi
879 3930 1047 4023 sanguinis
1067 3955 1226 4022 unquam,

347 4043 607 4139 Hippomedon:
627 4046 726 4136 vade,
747 4074 767 4117 o
786 4049 899 4141 primis
918 4074 999 4142 puer
1021 4049 1142 4143 inclyte
1156 4047 1250 4116 bellis

1293 449 1364 508 τά)
