2812 5258
182 461 237 518 262
479 454 730 512 ucnnnnrnos
750 452 863 508 mnan
882 453 905 507 1.
1112 455 1148 516 (v.
1161 457 1217 520 a..)

181 589 262 652 Fata
279 596 412 650 vetant:
428 594 519 648 ratus
535 577 618 647 ordo
635 578 732 662 Deis,
749 576 884 644 minuere
900 589 1053 643 cruentas

109 748 110 751 =
182 706 386 795 Europaeque
404 700 555 790 Asiaeque
572 720 709 783 manua,
724 692 940 787 consultaque
956 691 1041 762 bella

181 823 333 914 Juppiter
350 834 384 888 et
401 820 510 887 tristes
526 816 630 885 edixit
644 814 787 886 cedibus
804 837 919 883 annos.

183 941 291 1027 Quem
307 953 345 1007 tu
359 936 426 1007 illic
443 951 558 1009 natum
575 935 672 1029 Sigeo
685 934 721 1002 iu
740 931 896 1027 pudiare?
915 946 1041 1024 quanta

184 1058 353 1152 Adspicies
370 1058 489 1128 victrix
503 1054 721 1148 Phrygiarum
734 1051 849 1124 funera
865 1051 1031 1122 matrum?

184 1180 298 1264 Quum
313 1191 391 1246 tuus
408 1173 556 1250 AEncidee
573 1171 686 1266 tepido
702 1169 802 1241 modo
817 1171 977 1265 sauguine
989 1172 1135 1241 Teucrus

185 1295 335 1363 Undabit
351 1317 506 1387 campoe3
525 1290 626 1362 modo
639 1313 750 1361 craaaa
767 1291 856 1359 exire
871 1289 995 1358 vetabit

185 1413 358 1500 Flumina,
378 1428 411 1482 et
429 1417 590 1482 Hectoreo
608 1410 752 1480 tardabit
768 1409 883 1480 ninere
899 1432 1036 1497 currus,

185 1530 399 1625 Impelletque
414 1555 516 1600 manu
534 1543 683 1614 nostros,
698 1553 800 1622 opera
817 1529 927 1616 inita,
944 1552 1068 1597 muros.

187 1649 279 1719 Pelea
295 1651 365 1743 jam
381 1648 501 1719 deute
518 1649 634 1743 quari,
651 1646 877 1742 thalamosque
895 1648 1058 1732 minores,

186 1768 373 1839 Credideria
388 1769 553 1862 pepoeiaae
570 1769 671 1839 Jovi:
690 1791 751 1837 nec
770 1764 876 1837 inulta
889 1765 1034 1849 dolebis,

186 1889 343 1982 Cognatis
363 1903 456 1959 uteie
476 1888 570 1960 fietis
589 1913 598 1958 τ
614 1887 703 1962 dabo
718 1886 835 1957 tollere
853 1887 988 1972 fluctuo,

185 2009 302 2096 Quum
317 2009 450 2080 reduoee
463 2012 592 2097 Danai,
609 2022 835 2102 nocturnaque
852 2010 945 2102 signa
960 2007 1153 2100 captarem

188 2127 325 2214 Exeret,
341 2143 374 2198 et
391 2128 500 2199 dirum
518 2130 642 2223 pariter
659 2152 844 2222 quaeremus
860 2126 1031 2198 Ulixem.»

235 2248 396 2315 Dixerat:
412 2245 467 2320 illa
485 2248 578 2342 gravi
597 2244 726 2316 vultum
744 2246 882 2316 demiaaa
899 2243 1050 2342 repulsa,

186 2364 269 2451 Quae
285 2366 355 2456 jam
372 2365 480 2433 exoira
495 2365 636 2449 netum,
652 2377 686 2431 et
703 2364 830 2432 ratibus
847 2362 971 2432 bellare
988 2365 1127 2456 parabat

187 2478 313 2567 Iliacis,
330 2479 411 2550 alios
429 2483 547 2551 iterum
566 2495 751 2550 commenta
769 2495 921 2573 paratus,

186 2601 302 2670 Tristis
320 2598 362 2669 ad
376 2600 563 2671 Hemoniae
578 2599 754 2695 detorquet
767 2599 901 2670 brachia
918 2613 1032 2668 terras.
1134 2670 1137 2677 ,

187 2722 253 2788 Ter
268 2735 386 2791 oonata
399 2744 520 2810 manu,
535 2720 700 2815 liquidum
715 2736 766 2791 ter
779 2719 939 2815 gressibus
952 2743 1066 2812 equor
1102 2750 1105 2757 Δ

187 2839 363 2935 Reppulit,
376 2855 410 2911 et
425 2843 537 2911 niveas
553 2841 677 2912 feriunt
690 2840 775 2911 vada
787 2837 940 2909 Thessala
954 2837 1093 2932 plantas.

188 2963 360 3030 Laetantur
376 2976 523 3047 montes,
541 2977 574 3032 et
593 2957 801 3032 connubialia
822 2956 974 3051 pandunt

188 3083 292 3148 Antra
309 3081 420 3163 sinus,
440 3079 570 3174 lateque
590 3081 659 3149 dea
677 3076 849 3171 Sperchios
869 3079 1018 3148 abundat

187 3199 333 3284 Obvius,
351 3215 385 3269 et
402 3199 492 3269 dulci
510 3199 646 3292 veau‘gia
662 3196 781 3267 circini
798 3197 898 3267 unda.

186 3316 247 3389 Illa
266 3319 348 3387 nihil
366 3322 479 3415 gavisa
498 3319 597 3404 iocis,
616 3315 674 3385 sed
693 3332 800 3411 coepta
818 3318 934 3415 fatigat

184 3440 321 3506 Pectore
336 3437 489 3524 consilia,
508 3451 542 3505 et
558 3433 661 3505 solers
678 3438 801 3530 pietate
818 3441 976 3533 magistra
1204 3532 1207 3537 .

184 3560 387 3648 Longaevum
403 3557 550 3626 Chirona
570 3557 663 3647 petit.
678 3560 808 3626 Domus
825 3558 929 3628 ardua
946 3575 1090 3630 muntem

184 3674 350 3759 Perforat,
365 3688 398 3741 et
415 3673 514 3767 longo
533 3675 704 3768 suspendit
722 3674 838 3747 Pelion
856 3702 959 3751 arcu:

184 3795 263 3861 Pars
279 3790 436 3860 exhausta
451 3816 574 3880 manu,
590 3811 718 3887 partem
735 3822 793 3866 sua
809 3813 946 3892 ruperat
962 3812 1052 3867 aetas.

184 3913 284 4007 Signa
299 3925 428 3999 tamen,
441 3915 632 4008 Divumque
648 3919 730 4004 tori,
743 3933 777 3986 'et
790 3943 890 4012 quern
904 3920 1045 4014 quisque
1061 3939 1208 3991 sacrarat

184 4031 361 4120 Aoeubitu,
380 4033 559 4127 genioque,
574 4032 665 4105 locus
682 4053 932 4108 monstrantur:
949 4054 982 4107 at
997 4041 1085 4108 intra
