2812 5258
96 458 128 518 (v.
145 457 212 517 115.)
421 454 635 512 Tttaualnos
655 457 765 512 LlBEll
783 458 817 511 Χ.
1087 480 1138 530 ¹77

96 587 165 653 llut
184 580 304 651 tellure
318 582 458 674 jacent:
481 581 605 667 tennis,
624 582 681 674 qni
702 583 821 651 circuit
839 583 964 668 aulam,

96 702 338 797 Invalidasque
358 703 464 789 nitor,
486 704 678 797 primosque
699 703 868 772 hortantia
885 730 1019 774 somnos

95 823 275 918 Languida
296 823 462 893 succiduis
479 825 650 918 exspirant
666 823 793 893 lumina
810 824 961 893 flammis.

144 948 219 1013 Huc
238 970 272 1014 se
290 943 434 1014 caeruleo
453 942 588 1013 libravit
604 945 646 1013 ab
665 946 785 1015 aethere
801 947 896 1040 virgo

92 1065 248 1137 Discolor
268 1093 277 1132 τ
298 1064 461 1160 effulgent
478 1064 585 1151 silvae,
608 1065 850 1159 tenebrosaque
866 1070 991 1161 Tempe

92 1189 245 1258 Amisere
262 1191 358 1273 Deae,
376 1200 409 1254 et
427 1186 520 1254 zonis
539 1184 728 1255 lucentibus
746 1189 810 1257 icta

91 1306 239 1402 Evigilat
255 1307 374 1409 domus
392 1331 399 1373 :
419 1308 489 1400 ipse
508 1323 619 1375 antem
639 1332 700 1376 nec
718 1306 871 1403 lampade
888 1307 994 1395 clara,

92 1433 164 1500 Nec
180 1430 313 1515 sonitu,
332 1453 393 1497 nec
409 1452 491 1496 voce
510 1431 590 1498 Deae
607 1428 793 1524 perculsus,
813 1429 929 1498 eodem

91 1553 190 1619 More
205 1551 318 1643 jacet:
339 1548 446 1619 donec
463 1549 572 1618 radios
594 1551 833 1620 Thaumantias
854 1576 970 1620 omnes

91 1669 246 1765 Impulit,
264 1672 366 1765 inque
386 1669 502 1741 oculos
517 1672 649 1766 penitus
666 1662 835 1741 desc'endit
856 1673 990 1741 inertes.

90 1794 185 1860 Tunc
205 1792 253 1860 sic
271 1816 348 1860 orsa
367 1790 459 1885 loqui
479 1793 672 1860 nimborum
692 1791 783 1860 fulva
805 1795 967 1863 creatrix:

140 1912 331 1982 «Sidonios
350 1928 382 1981 te
399 1917 488 1982 Juno
505 1913 621 1999 duces,
641 1915 812 1982 mitissime
831 1917 957 1984 Divum

90 2034 232 2118 Somne,
249 2033 346 2126 jubet
365 2032 594 2127 populumque
614 2036 717 2103 trucis
738 2034 882 2130 defigere
902 2036 1041 2121 Cadmi,

89 2153 161 2239 Qui
182 2178 272 2223 nuno
293 2168 415 2223 eventu
436 2153 514 2223 belli
534 2153 753 2242 tumefactus,
773 2157 932 2226 thaeum

89 2273 235 2368 Pervigil
256 2290 404 2343 asservat
423 2273 566 2361 vallum,
587 2291 620 2344 et
641 2291 698 2345 tua
715 2278 808 2371 jussa
825 2295 966 2348 recusat.

89 2396 143 2462 Da
160 2395 317 2489 precibus
334 2397 452 2479 tantis,
471 2420 547 2464 rara
565 2412 615 2465 est
635 2396 698 2466 hoc
718 2424 815 2492 posse
835 2399 992 2485 facultas,

89 2516 330 2610 Plaratnmque
351 2521 467 2586 Jovem
489 2516 607 2586 dextra
627 2523 760 2588 lunone
781 2547 917 2591 merere.
942 2553 958 2586 u

138 2639 247 2725 Dixit,
265 2653 298 2706 et
318 2640 522 2732 increpitans
542 2638 738 2732 languentia
759 2656 893 2734 pectora
913 2641 1048 2725 dextra,

90 2764 141 2831 Ne
159 2775 298 2854 pereant
315 2784 430 2847 voces,
452 2761 659 2852 iterumque,
680 2761 868 2852 iterumque
889 2761 1057 2829 monebat.
1106 2800 1114 2818 ο

90 2881 150 2952 Ille
162 2886 240 2951 Deae
258 2883 357 2977 jussis
375 2881 515 2950 dubium
533 2882 740 2972 mixtumque
758 2881 871 2973 sopori

90 3004 239 3073 Annuit:
260 3002 388 3071 excedit
406 3003 542 3097 gravior
562 3000 770 3094 nigrantibus
792 3002 895 3069 antris

89 3126 167 3211 Iris,
188 3140 219 3193 et
241 3123 400 3192 obtusum
420 3122 526 3192 multo
543 3122 644 3215 jubar
664 3123 786 3190 excitat
807 3121 916 3189 imbri.

87 3249 162 3339 lpse
182 3271 316 3340 qnoque
337 3260 370 3314 et
390 3243 559 3314 volucrem
577 3269 745 3340 gressum,
765 3259 799 3313 et
816 3259 954 3313 ventosa
975 3244 1089 3313 citavit

87 3369 270 3459 Tempora,
289 3383 322 3436 et
341 3367 474 3436 obscuri
494 3368 658 3438 sinuatam
679 3365 801 3460 frigore
821 3364 893 3435 coeli

87 3486 241 3580 Implevit
259 3487 484 3581 chlamydem,
506 3487 675 3582 tacitoque
694 3513 755 3582 per
775 3489 897 3557 aethera
915 3513 1015 3558 cursu

88 3611 227 3693 Fertur,
245 3625 277 3677 et
296 3611 412 3679 Aoniis
430 3609 532 3705 longe
554 3610 664 3704 gravis
680 3611 832 3679 imminet
851 3611 951 3678 arvis.

87 3726 181 3797 Illius
200 3753 280 3796 aura
300 3729 370 3799 solo
389 3728 556 3817 volucres,
577 3728 802 3826 pecudesque,
823 3729 974 3826 ferasque

89 3846 260 3942 Explicat,
279 3864 312 3916 et
329 3853 461 3942 penitus
482 3874 693 3944 quacumque
713 3851 908 3946 supervolat
923 3851 1060 3940 orbem,

88 3969 264 4064 Languida
280 3968 324 4039 'de
341 3969 488 4064 scopulis
509 3968 623 4040 sidunt
638 3969 740 4058 freta,
758 3973 887 4066 pigrius
906 3973 1032 4042 haerent

88 4093 230 4181 Nubila,
250 4093 430 4163 demittunt
446 4108 593 4163 extrema
614 4095 793 4183 cacumina,
807 4092 916 4183 silvae,

237 4242 257 4285 ιι
976 4242 1012 4285 12
