2812 5258
183 400 240 456 312
555 395 848 451 ADNOTATIONES
863 434 868 443 .

224 519 291 590 Ipse
310 516 377 569 olim
400 517 429 569 in
445 514 525 571 terris
546 512 584 590 (v.
603 509 681 587 387).
703 515 805 567 Manus
823 511 904 566 Statii
923 511 953 564 in
970 511 1024 566 ΜΒ
1043 527 1050 563 :
1070 510 1099 563 in
1118 520 1232 578 terras,

184 629 208 665 c.
230 609 268 683 gl.
287 627 294 662 :
315 631 328 656 α
341 609 499 663 Devenerat
510 604 679 678 jampridem
694 605 754 678 ipse
774 605 804 658 in
817 614 914 668 terras.
934 627 946 652 n

227 713 297 788 Igm'
320 709 357 788 (v.
385 710 461 788 4ο7).
480 710 610 767 fulmini.
631 709 719 777 Quod
739 699 903 782 exprimunt
929 709 945 763 3
970 707 1055 763 codd.
1073 707 1227 763 lectione:
1257 770 1261 775 ¹

186 806 307 861 «minor
326 815 367 860 est
385 803 464 860 lovis
479 802 546 876 imp.
570 801 666 877 igni.»
687 800 771 855 Unde
791 799 958 856 Wakefield.
981 799 1077 856 effecit
1100 801 1145 856 ad
1162 803 1227 856 Lu—

185 910 251 953 cret.
266 916 293 965 r,
316 896 413 951 1003:
434 897 470 949 A.
487 893 613 948 hibernii
632 893 847 966 mmorimpetus
864 904 893 946 et
908 892 984 946 lovis
997 892 1015 946 i.

227 999 332 1054 Olentis
358 1008 477 1052 manant
503 1008 543 1053 tot
562 996 690 1051 comibus
710 995 808 1049 imbres
832 993 872 1072 (v.
890 994 966 1071 423).
987 995 1144 1051 «Olenium
1164 999 1227 1052 Ar-

184 1084 270 1147 eadi‘ae
289 1089 384 1167 [immo
404 1090 512 1146 Olenus
535 1086 658 1162 Achajae]
678 1087 816 1160 oppidum
837 1107 844 1142 ε
864 1087 940 1142 unde
959 1087 1087 1142 Olenium
1105 1106 1226 1161 capram

184 1182 268 1238 fuisse
290 1183 407 1251 volunt,
432 1182 512 1237 lovis
532 1181 680 1235 nutricem.
699 1181 768 1235 Haec
787 1198 852 1234 cum
873 1178 937 1235 filiis
959 1179 1016 1235 suis
1033 1179 1104 1234 inter
1126 1179 1225 1235 sidera

184 1286 296 1348 recepta
305 1285 364 1329 est:
380 1273 462 1344 cujus
482 1273 560 1328 sidus
574 1271 751 1327 imbriferum
765 1271 909 1327 dicitur...
929 1272 1005 1327 Dicit
1018 1272 1103 1347 igitur
1123 1272 1225 1328 verbe·

183 1385 247 1423 rum
267 1367 447 1423 crebritatem
467 1366 595 1422 assiduos
612 1365 718 1421 imbres
736 1383 821 1438 posse
838 1383 980 1438 superare.
1001 1390 1013 1414 υ
1031 1366 1119 1420 Lacr.

230 1473 351 1529 Verbera
358 1473 491 1548 palliatis
508 1472 592 1525 addit
607 1468 644 1548 (v.
663 1467 741 1546 450).
756 1472 803 1525 PR
823 1491 830 1524 :
846 1470 971 1541 «audet,
986 1494 998 1520 »
1023 1469 1104 1544 quod
1122 1488 1226 1524 verum

182 1564 304 1621 videtur.
330 1563 557 1620 Praecedeutibus
585 1581 632 1620 vv.
657 1563 774 1635 plausus
802 1562 1006 1636 intelliguntur,
1032 1581 1106 1636 quos
1134 1562 1229 1617 edunt

183 1668 358 1732 spectatores
376 1666 531 1732 surgentes.

224 1765 373 1838 Multaque
390 1761 427 1837 (r.
448 1759 526 1839 459).
546 1761 637 1817 «Non
654 1760 714 1816 sine
728 1762 839 1818 ratione
860 1781 972 1817 versum
992 1762 1069 1816 hunc
1088 1760 1230 1816 omittunt

184 1858 353 1913 membranae
368 1856 421 1911 illae
437 1855 642 1911 laudatissimae.
661 1878 674 1904 υ
693 1856 802 1910 Birra.
816 1886 857 1897 —
869 1857 903 1910 ln
919 1856 996 1910 Lact.
1013 1854 1126 1928 legitur.

225 1961 343 2017 Echion
363 1958 401 2036 (v.
420 1959 497 2037 465).
512 1961 679 2035 Legendum
697 1980 763 2016 cum
780 1961 897 2016 Barthio
914 1961 1041 2029 AEtieion,
1060 1970 1093 2015 ut
1109 1978 1147 2015 ex
1160 1979 1227 2016 me-

185 2054 306 2110 lioribus
327 2053 411 2110 codd.
433 2063 509 2116 certe
528 2054 601 2108 alter
617 2053 737 2109 Behotii.
758 2054 853 2108 Verba
870 2054 1008 2109 Lactantii
1027 2053 1058 2107 in
1080 2051 1145 2107 cod.
1165 2055 1226 2108 Pa-

184 2145 231 2202 ris.
250 2147 289 2201 ita
310 2146 501 2201 scribuntur:
521 2145 653 2201 lucrmde
672 2163 764 2219 greco
787 2146 896 2201 nomini
914 2143 1120 2219 expositionem
1141 2142 1227 2216 adje-

184 2238 238 2308 cit,
258 2239 325 2312 quia
343 2238 462 2294 AEthion
482 2226 586 2294 (licitur
604 2237 753 2293 decolore
771 2237 855 2315 [vulg.
871 2241 992 2294 calore:
1017 2238 1052 2293 cf.
1070 2237 1105 2292 11.
1123 2237 1224 2310 Steph.

186 2325 268 2382 l’hes.
289 2331 323 2383 L.
340 2331 404 2398 Gn,
422 2349 447 2399 1,
464 2348 494 2401 p.
511 2330 569 2402 960
589 2327 706 2402 Paris.]:
721 2329 798 2384 uude
817 2341 845 2384 et
859 2331 986 2402 Jophion
1006 2328 1101 2404 [vulgo
1120 2329 1223 2402 Hype-

183 2421 259 2486 rion,
280 2421 374 2474 Barth.
394 2440 401 2472 :
421 2420 535 2492 Virgilii
552 2416 680 2491 Μαι),
698 2419 827 2489 quamvis
848 2421 895 2472 alii
920 2419 1104 2491 patermemei
1125 2417 1224 2495 [vulgo

179 2511 354 2586 potermenii.
367 2512 442 2585 Lege
450 2505 659 2583 patronymice]
671 2507 810 2580 accipiant
825 2527 832 2562 ε
845 2520 1000 2583 utrumque
1010 2521 1101 2564 tumen
1111 2523 1203 2571 recte.
1213 2537 1226 2563 ι

182 2611 280 2674 Altior,
299 2612 333 2656 ut
352 2620 412 2657 nou
428 2619 494 2656 raro
508 2597 573 2655 ficta
595 2617 611 2653 a
630 2599 722 2672 poetis
738 2600 854 2656 uomina
871 2601 1003 2675 propria,
1022 2601 1059 2656 ad
1079 2612 1228 2679 patrony-

183 2695 322 2751 micorum
337 2694 537 2753 lormationem
551 2694 655 2748 lactum
673 2712 732 2749 esse
745 2694 859 2750 videtur
873 2695 909 2750 ab
923 2696 996 2764 αἶθος,
1010 2704 1045 2753 τό.
1065 2693 1147 2749 ldem
1165 2717 1224 2754 no-

183 2807 249 2844 meu
267 2788 416 2843 hominum
434 2785 508 2842 infra
526 2803 590 2854 vn,
611 2782 666 2856 757
688 2783 734 2860 (cf.
751 2805 786 2856 x,
809 2785 885 2863 734),
912 2795 939 2840 et
961 2802 1007 2858 ap.
1029 2785 1132 2857 Ovid.,
1152 2788 1223 2842 Me-

184 2893 270 2948 tam,
286 2900 314 2949 v,
336 2880 399 2945 146.

228 2974 311 3027 Venit
327 2974 356 3026 in
371 2973 466 3046 spatia
484 2968 522 3048 (v.
545 2968 621 3048 493).
642 2972 696 3030 ΜΒ
712 2991 719 3026 :
738 2971 860 3026 velutin
874 2989 915 3045 sp.

224 3079 277 3134 Seu
286 3078 380 3150 finxit
398 3079 426 3131 in
441 3088 505 3131 astu
528 3078 672 3151 Temporis
686 3073 723 3152 (v.
746 3073 822 3151 496).
836 3078 891 3130 ΜΒ
907 3097 914 3132 :
929 3096 998 3132 «scu
1007 3077 1220 3148 finxeratoestu

184 3183 286 3245 temp,
296 3195 309 3221 ι
328 3181 446 3245 urgente
461 3180 608 3242 tempore,
627 3168 699 3223 bene
716 3167 828 3239 opinor.
844 3171 887 3224 Al.
906 3171 980 3242 conj.
1002 3182 1095 3225 tactu.

228 3278 282 3332 Seu
293 3277 410 3331 monstri
421 3275 523 3342 uictor,
542 3294 592 3330 seu
601 3275 694 3327 Marte
703 3269 742 3349 (ν.
759 3271 837 3352 534).
851 3275 942 3331 Codd.
958 3275 1081 3349 aliquot,
1093 3275 1123 3328 in
1137 3277 1226 3349 quib..

184 3369 244 3425 duo
258 3367 408 3424 meliorum
426 3387 433 3421 :
448 3367 587 3422 monstris.

224 3464 259 3514 In
278 3463 352 3514 lotus
371 3461 412 3514 ire
432 3478 531 3514 manus
551 3456 589 3535 (r.
612 3456 689 3535 544).
712 3460 787 3535 Lege
816 3480 879 3516 cum
900 3460 1001 3518 Markl.
1022 3461 1063 3514 ad
1084 3461 1168 3529 Situ,
1194 3480 1221 3530 1,

183 3568 217 3622 a,
234 3550 271 3606 82
289 3571 296 3604 :
311 3569 405 3606 manu.

224 3643 376 3697 Moerralioe
393 3646 544 3699 Atalantes
562 3641 599 3720 (v.
623 3641 678 3698 563
701 3642 785 3718 sqq.].
804 3647 964 3712 Permutat,
982 3654 1015 3698 ut
1029 3643 1108 3698 multi
1125 3655 1219 3716 poetae

138 3786 145 3803 ,
182 3745 211 3791 et
234 3733 400 3808 scriptores,
425 3735 593 3790 Arcadicam
619 3736 795 3804 Atalantam,
819 3747 937 3790 matrem
965 3736 1158 3810 Parthenopaei
1183 3756 1220 3794 ex

182 3828 340 3904 Meleagro,
358 3845 421 3881 cum
435 3824 616 3896 Schoeneide,
629 3826 816 3901 Hippomenis
826 3846 926 3884 uxore.

225 3937 333 4010 Aperta
351 3932 450 4003 Lycoei
463 3928 501 4006 (v.
520 3927 598 4008 567).
616 3932 750 3989 Meliores
764 3935 858 3990 Barth.
874 3954 880 3988 :
897 3945 994 4010 operto
1002 3974 1011 4000 ,
1027 3945 1055 3988 et
1069 3933 1098 3990 iu
1112 3952 1170 4008 seq.
1190 3954 1217 3989 v.

184 4045 275 4082 «unua
293 4025 458 4102 reprendere
470 4041 524 4097 pro
538 4024 638 4100 depr»
