2812 5258
521 458 711 515 SILVARUM
729 459 837 513 LIBER
858 460 878 512 1.

685 915 704 998 I

368 1197 518 1282 nouus
543 1198 755 1265 usmarus
779 1199 1034 1267 notuurm.

234 1883 323 1969 Qun
343 1881 592 1972 superimposito
610 1880 712 1950 moles
731 1882 896 1975 geminata
913 1879 1038 1950 colosso

188 2000 259 2064 Stat
277 1996 410 2063 Latium
430 1994 598 2087 complexa
617 1997 750 2065 sorum?
766 1997 901 2068 Coelone
918 2008 1087 2091 peractum

188 2111 300 2180 Fluxit
320 2111 426 2205 opus?
445 2110 561 2180 Siculis
576 2136 619 2180 an
638 2112 841 2181 conforma&
857 2115 992 2182 caminis

188 2230 336 2324 Effigies,
356 2227 475 2297 lassum
495 2232 668 2322 Steropem
687 2232 909 2322 Brontemque
927 2228 1081 2322 reliquit?

186 2353 236 2417 An
259 2362 290 2415 te
310 2345 462 2415 Palladiae
482 2344 597 2432 talem,
616 2348 829 2434 Germanice,
848 2349 942 2415 nobis
1014 2346 1019 2353 ’

186 2465 350 2535 Effinxere
369 2488 504 2549 manus,
523 2464 654 2557 qualem
674 2463 773 2532 modo
793 2464 886 2532 frena
904 2478 1072 2533 tenentem

187 2586 340 2670 Rhenus,
359 2597 392 2651 et
411 2584 541 2651 attoniti
558 2583 641 2651 vidit
658 2583 774 2651 domus
790 2582 894 2651 ardua
911 2581 1021 2652 Daci?

232 2705 331 2772 Nunc
350 2726 425 2794 age,
444 2701 531 2772 fama
549 2703 642 2794 prior
661 2715 775 2769 notum
795 2725 854 2793 per
873 2698 990 2768 saecula
1009 2723 1130 2768 nomen

143 2883 147 2893 .
185 2819 344 2890 Dardanii
365 2820 503 2887 miretur
522 2821 617 2911 equi,
637 2820 690 2886 cui
708 2820 830 2886 vertice
848 2841 940 2885 sacro

185 2938 391 3030 Dindymon,
411 2950 445 3004 et
464 2938 551 3005 caesis
568 2936 712 3005 decrevit
731 2936 901 3004 frondibus
918 2936 977 3003 Ida
996 2963 1004 3003 :

185 3061 282 3125 Hunc
302 3079 409 3146 neque
429 3053 541 3122 divisis
558 3055 718 3146 cepissent
733 3056 893 3146 Pergama
911 3054 1029 3140 muris,

185 3176 255 3243 Nec
276 3197 374 3266 grege
395 3173 558 3265 permixto
577 3173 670 3263 pueri
689 3172 900 3263 innuptaeque
919 3168 1056 3262 puellae,

186 3294 258 3384 Ipse
275 3316 336 3359 nec
355 3293 494 3376 AEneas,
514 3312 575 3357 nec
593 3312 731 3382 magnus
751 3286 885 3355 duceret
903 3291 1034 3356 Hector.

187 3406 293 3493 Adde,
313 3408 402 3501 quod
422 3406 477 3475 iiie
496 3431 635 3493 nocens,
654 3429 819 3497 saevosque
837 3403 1006 3497 amplexus
1022 3406 1178 3493 Achiv0s3

188 3528 283 3591 Hunc
300 3527 387 3594 mitis
406 3524 615 3594 commendat
635 3548 759 3616 eques:
776 3525 871 3616 juvat
889 3547 947 3591 ora
967 3525 1052 3591 tueri

188 3643 291 3709 Mixto
308 3645 394 3712 notis
413 3643 509 3732 belii,
528 3642 753 3737 placidamque
773 3643 919 3735 gerentia
937 3664 1061 3734 pacem.

187 3760 259 3827 Nec
277 3761 361 3828 veris
380 3766 502 3853 majora
522 3777 633 3856 putes;
653 3785 714 3854 par
733 3760 837 3828 forma
857 3760 1040 3852 decorque,

186 3880 251 3944 Par
270 3876 377 3945 honor
395 3904 403 3944 z
424 3880 585 3948 exhaustis
604 3883 746 3948 Martem
766 3902 833 3946 non
853 3877 994 3972 amplior
1013 3879 1111 3945 armis

186 3995 351 4062 Bistonius
369 4010 477 4087 portat
497 3999 639 4088 sonipes,
659 4020 843 4089 magnoque
862 3997 1008 4088 superbit

1037 4136 1064 4180 ι.
