2812 5258
118 453 149 508 (v.
161 451 212 513 tr.)
439 454 629 508 stnvsuuu
650 456 758 512 LIBER
779 459 811 511 V.

116 574 273 643 Infestare
288 573 366 642 libet
383 577 512 662 Manes,
529 579 712 672 meritoque
729 595 864 672 precatu

116 696 234 762 Pacem
253 693 380 762 auferre
396 694 486 788 mgis
507 720 515 762 :
536 694 592 764 sed
612 710 657 778 te,
676 722 758 790 puer
775 700 917 791 optime,
936 725 1034 769 oeruo

115 810 313 881 Flectentem
326 813 438 906 justis,
458 827 490 881 et
507 812 584 883 talia
601 815 688 884 dicta
704 832 874 910 parantem
893 844 902 887 z

162 935 306 1018 «Parce,
324 956 458 1025 precor,
476 933 595 1001 cineri:
608 933 711 1002 fatum
728 934 825 1024 illud,
842 953 876 1006 et
893 940 942 1006 ira
960 955 1138 1010 nocentum

114 1054 305 1140 Parcarum,
323 1053 510 1145 crimenque
526 1053 588 1120 Dei
608 1052 758 1122 mortalia
775 1056 923 1149 quisquis

114 1173 251 1239 Pectora
267 1195 340 1239 sero
363 1171 463 1257 videt,
480 1195 541 1238 nec
558 1172 668 1264 primo
685 1173 719 1239 in
738 1170 850 1242 limine
867 1175 952 1244 sistit

115 1293 261 1359 Conatus
279 1289 452 1375 scelerum,
469 1304 568 1382 atque
585 1291 712 1359 animos
730 1290 862 1361 infanda
880 1309 1043 1386 parantes.

114 1411 250 1479 Excidat
266 1408 323 1477 illa
338 1409 407 1478 dies
423 1433 507 1495 aevo,
525 1434 587 1477 nec
605 1424 737 1503 postera
755 1410 894 1480 credant

113 1525 250 1597 Saecula!
270 1554 329 1598 uos
346 1544 434 1597 certe
452 1542 632 1615 taceamus;
651 1542 684 1596 et
700 1529 821 1597 obruta
838 1528 942 1598 multa

113 1651 217 1718 Nocte
235 1650 300 1742 tegi
317 1649 459 1743 propria
476 1649 641 1740 patiamur
659 1648 799 1716 crimina
816 1650 933 1743 gentis.

112 1769 229 1863 Exegit
246 1792 373 1861 poenas,
391 1768 564 1835 hominum
580 1768 634 1836 cui
652 1792 732 1836 cura
749 1792 902 1856 suorum,

113 1891 190 1977 Quo
207 1889 315 1955 Pietas
332 1900 467 1954 auctore
484 1886 585 1972 redit,
602 1902 769 1980 terrasque
786 1890 914 1977 revisit,

113 2008 224 2094 Quem
235 2006 327 2073 timet
339 2028 437 2072 omne
449 2004 536 2071 nefas
548 2029 555 2070 :
569 2006 646 2073 satis
659 2006 743 2090 baec,
757 2004 1032 2101 lacrymandaque
1047 2010 1142 2080 nobis

113 2125 204 2195 Ultio
222 2152 230 2192 z
248 2125 329 2217 quin
348 2147 447 2191 saevas
466 2124 590 2190 utinam
608 2147 742 2190 exorare
759 2120 873 2193 liceret

111 2243 325 2325 Eumenidas,
343 2241 531 2334 timidaeque
549 2256 695 2310 avertere
712 2242 880 2312 Cerberon
898 2245 1035 2334 umbra,

110 2367 405 2453 Immemoremque
424 2361 488 2427 tuis
505 2360 601 2428 citius
620 2357 697 2428 dare
714 2361 870 2430 Manibus
887 2361 1059 2432 amneml»

157 2487 265 2553 Macte
281 2482 408 2564 animo,
422 2474 567 2573 juvenis!
586 2479 632 2546 sic
648 2494 798 2547 crescunt
814 2482 951 2550 crimina
970 2487 1093 2554 matris.

110 2606 178 2672 Nec
196 2617 324 2671 tantum
343 2603 459 2693 pietas,
477 2597 535 2669 sed
551 2615 708 2694 protenus
725 2599 828 2669 ardua
846 2601 950 2670 virtus

109 2725 268 2794 dilectata
284 2723 345 2790 tibi
363 2746 371 2788 ι
390 2745 495 2814 nuper
512 2745 614 2813 quum
632 2719 716 2789 forte
734 2718 854 2788 sodalis

109 2844 282 2912 Immeritae
300 2839 381 2909 falso
398 2837 533 2932 palleret
550 2839 687 2906 crimine
706 2837 816 2925 famae,

108 2964 319 3056 Erigeretque
335 2959 459 3044 forum,
477 2959 705 3050 succinctaque
719 2957 830 3051 judice
847 2954 952 3026 multo

110 3087 264 3176 Surgeret
281 3096 314 3149 et
330 3093 455 3148 castum
474 3075 609 3146 libraret
625 3080 643 3144 J
646 3074 711 3144 ulia
727 3075 867 3162 sulmen3

107 3209 177 3292 Tu,
194 3226 380 3296 quanquam
397 3223 465 3266 non
484 3212 559 3265 aute
576 3195 685 3264 lorum
702 3195 854 3290 legesque
870 3220 998 3265 severas

106 3328 240 3407 Passus,
258 3319 313 3389 sed
331 3320 430 3388 tacita
448 3316 632 3386 studiorum
650 3313 799 3382 occultus
815 3315 850 3383 in
868 3315 999 3401 umbra,

106 3443 283 3511 Defensare
300 3455 418 3525 metus,
436 3437 637 3528 adversaque
654 3433 717 3502 tela
733 3434 845 3503 subisti

106 3560 245 3642 Pellere‚
263 3560 396 3627 inermis
413 3557 520 3626 adhuc
538 3570 570 3624 et
589 3555 667 3639 tiro,
685 3554 832 3647 paventis
848 3553 956 3623 amici.

106 3678 203 3747 Haud
220 3701 363 3770 unquam
382 3675 460 3745 tales
477 3676 627 3770 adspexit
643 3673 804 3743 Romulus
823 3698 927 3742 annos

105 3797 329 3889 Dardaniique
347 3818 454 3879 senes,
469 3793 568 3865 medii
585 3792 707 3864 bellare
725 3808 837 3888 togata

104 3920 188 3985 Pace
204 3916 266 3984 fori
285 3941 292 3982 :
311 3927 465 4006 stupuere
481 3928 588 4007 patres
606 3915 785 3982 tentamina
806 3927 896 3981 tanta

103 4041 316 4129 Conatusque
333 4050 421 4118 tuos;
438 4056 500 4125 pro
517 4047 549 4101 te
567 4056 641 4101 reus
658 4033 728 4125 ipse
744 4031 889 4101 timebat.

933 4173 984 4218 ro.
