2812 5258
58 445 173 508 rasos.)
367 442 580 498 rrmumnos
602 442 711 496 nram
733 416 784 495 v1.'
1061 441 1098 494 aa

58 564 223 653 Perculit,
242 579 427 657 eventuque
442 563 606 658 impalluit
625 565 695 657 ipse
711 563 866 632 secundo.

59 685 246 756 Clamorem
266 683 451 771 Inachidae,
470 699 632 777 quantum
652 709 721 752 non
740 683 839 751 litora
858 681 996 770 tollunt,

58 807 138 875 Non
147 830 285 874 nemora
298 831 306 874 :
319 803 413 874 illum
422 805 464 873 ab
475 805 579 873 humo
593 820 771 874 conantem
780 818 819 873 ut
829 802 913 871 vidit
922 802 1100 889 Adrastus,

58 925 312 1019 Tollentemque
328 951 465 1012 manus,
483 941 517 994 et
535 951 602 994 nou
622 923 792 995 toleranda
809 938 1003 1019 parantem,

59 1050 156 1130 «lte,
172 1071 252 1135 oro,
270 1048 371 1135 socii,
389 1046 472 1116 furit
489 1071 497 1114 :
513 1049 578 1132 ite,
599 1049 757 1140 opponite
775 1045 924 1132 dextras,

61 1169 244 1256 Festinate,
262 1167 362 1254 furit,
381 1165 592 1261 palmamque
610 1181 644 1234 et
661 1166 796 1259 praemia
816 1165 921 1233 ferte:

60 1289 140 1358 Non
159 1289 250 1381 prius
270 1287 409 1355 effracto
431 1311 531 1380 quam
548 1288 686 1355 misceat
702 1310 761 1355 ora
779 1285 933 1368 cerebro,

60 1408 227 1494 Absistet,
246 1406 343 1475 video
358 1433 367 1474 :
382 1408 580 1476 moriturum
598 1406 725 1476 auferte
741 1409 886 1476 Lacona.
902 1434 918 1469 n

112 1530 182 1597 Nec
199 1551 309 1613 mora,
326 1528 516 1622 prorumpit
535 1527 686 1620 Tydeus3
705 1551 765 1595 nec
780 1526 872 1620 jussa
891 1541 1020 1595 recusat

61 1648 294 1740 Hippomedon
310 1672 318 1716 :
334 1662 412 1718 tunc
431 1648 487 1715 vix
504 1647 602 1716 ambo
623 1648 798 1717 conatibus
817 1648 931 1717 ambas

60 1769 279 1862 Restringunt
295 1769 519 1861 cohibentque
537 1792 674 1855 manua,
693 1792 731 1836 ac
748 1766 896 1862 plurima
914 1765 1066 1835 suadent.

60 1889 223 1973 «Vincis,
241 1889 294 1955 abi
313 1887 514 1981 :pulchrum
532 1902 582 1955 est
602 1888 706 1956 vitam
724 1888 850 1957 donare
867 1888 1000 1956 minori.

59 2009 185 2076 Noster
201 2021 234 2074 et
251 2006 325 2089 hic,
345 2004 488 2098 bellique
505 2030 614 2074 comes
630 2032 638 2074 :
655 2035 671 2069 1>
690 2005 737 2073 nil
755 2006 920 2100 frangitur
933 2007 1031 2074 beros
1042 1984 1072 2089 ,⁵

60 2128 273 2220 Remumque
290 2125 504 2219 oblatumque
521 2150 622 2194 manu
640 2126 779 2195 thoraca
794 2124 924 2222 repellit

62 2243 255 2314 Vociferans
274 2271 283 2312 z
303 2242 460 2314 «Liceatl
477 2269 545 2314 non
566 2245 626 2314 has
639 2270 702 2341 ego
718 2243 856 2340 pulvere
873 2269 1002 2332 crasso,

64 2368 169 2458 Atque
185 2388 305 2433 cruore
324 2388 444 2459 genas,
464 2366 585 2434 meruit
601 2365 722 2458 quibus
737 2366 800 2434 iste
813 2365 961 2436 favorem

61 2485 212 2570 Semivir,
230 2483 412 2554 infodiam?
429 2486 623 2579 mittamque
642 2485 785 2556 informe
801 2483 954 2582 sepulcro

61 2605 213 2698 Corpus?
233 2619 267 2673 et
288 2604 432 2675 OEbalio
452 2604 572 2674 donem
589 2604 703 2698 lugere
720 2607 926 2701 magistro?»

107 2726 224 2794 Dixit:
242 2739 275 2792 at
296 2726 384 2794 hunc
404 2725 485 2793 socii
502 2723 666 2793 tumidum
684 2739 718 2792 et
735 2726 851 2793 vicisse
871 2739 1043 2817 negantem

64 2848 228 2914 Avertunt
249 2872 256 2914 :
277 2861 393 2915 contra
408 2843 548 2914 laudant
565 2844 704 2938 insignis
723 2842 894 2912 alumnum

61 2967 218 3059 Taygeti,
238 2963 402 3060 longeque
419 2966 525 3032 minas
543 2964 644 3031 risere
662 2966 820 3032 Lacones.

111 3083 312 3154 Jamdudum
330 3085 428 3153 variae
448 3082 561 3152 laudes
580 3097 614 3151 et
634 3084 767 3151 conscia
788 3087 890 3153 virtus

63 3205 173 3299 Tydea
191 3206 441 3299 magnanimum
461 3203 602 3274 stimulis
620 3204 809 3299 ingentibus
829 3220 966 3300 angunt.

65 3325 123 3394 llle
142 3325 274 3418 quidem
289 3339 323 3393 et
338 3323 429 3393 disco
449 3325 574 3412 bonus,
593 3339 626 3395 et
643 3324 843 3394 contendere
859 3350 976 3409 cursu,

64 3445 136 3514 Nec
153 3460 249 3515 cestu
268 3443 392 3514 bellare
411 3445 520 3512 minor
540 3470 548 3512 τ
567 3444 626 3514 sed
644 3444 745 3513 corde
763 3443 892 3515 labores

64 3568 151 3636 bute
171 3565 251 3635 alios
269 3581 340 3635 erat
359 3580 461 3635 uncta
478 3564 556 3634 Pale
575 3591 583 3633 τ
603 3568 649 3634 sic
668 3568 736 3634 otia
752 3569 870 3636 Martis

62 3687 211 3778 Degere,
231 3699 264 3753 et
280 3686 449 3755 armiferas
466 3684 577 3754 laxare
595 3702 784 3756 assueverat
802 3689 884 3773 iras,

62 3806 217 3900 lugentes
235 3819 351 3872 contra
364 3803 419 3874 ille
436 3807 546 3892 viros,
567 3802 724 3874 Acheloia
742 3809 867 3876 circum

61 3923 196 4010 Litora,
217 3921 391 4016 felicesque
409 3928 481 3993 Deo
500 3939 708 3994 monstrante
726 3924 905 4019 palaestras.

110 4045 201 4141 Ergo
218 4043 275 4112 ubi
297 4041 445 4112 luctandi
462 4044 601 4136 juvenes
620 4046 769 4113 animosa
790 4047 903 4113 citavit

921 4163 954 4235 6.
