2812 5258
308 410 364 467 ,05
621 403 834 459 rnnsunos
855 403 963 458 nanu
985 404 1038 459 x1.
1259 409 1291 471 (v.
1304 415 1358 476 ης.)

307 544 381 632 Ipse
397 536 505 629 sequi,
521 547 554 601 et
567 529 718 624 profugis
733 554 904 622 opponere
917 531 1071 623 iuppiter
1089 531 1192 624 ignes.

308 664 415 729 Instat
434 660 627 751 Agenoreus
645 649 756 729 miles,
776 649 917 744 coelique
937 648 1084 720 tumultu

305 781 445 848 Utitur:
465 770 645 844 indomitos
667 788 704 841 ut
723 795 826 864 quum
847 770 993 866 Massyla
1011 795 1072 864 per
1089 795 1170 841 arva

305 896 457 970 Armenti
477 919 574 990 reges
591 917 715 986 magno
733 891 786 960 leo
806 891 906 985 fregit
924 892 1038 974 hiatu,

303 1025 348 1091 Et
363 1032 539 1090 contentus
557 1017 626 1085 abit
644 1041 652 1083 :
675 1016 767 1083 rauci
786 1029 867 1083 tunc
886 1016 1037 1083 eominus
1054 1019 1141 1102 ursi,

233 1136 238 1144 ’
302 1144 397 1211 Tune
415 1137 502 1207 avidi
525 1159 648 1205 venere
666 1132 755 1228 lupi,
775 1134 933 1227 rabieque
951 1135 1088 1204 remissa

302 1261 473 1332 lambunt
490 1257 671 1352 degeneres
692 1253 807 1327 aliene
826 1252 964 1324 vulnera
982 1256 1111 1349 praedae.

351 1385 438 1453 Hinc
450 1380 571 1476 premit
579 1375 810 1471 Eurymedon,
823 1378 879 1445 cui
892 1378 1035 1448 rusticus
1047 1380 1169 1450 horror
1182 1383 1217 1452 in
1230 1390 1332 1456 armis
1347 1453 1356 1482 ‚

302 1508 440 1576 Rustica
458 1501 523 1573 tela
541 1510 661 1583 manu,
682 1498 893 1593 patriumque
913 1500 1041 1593 agitare
1062 1501 1253 1574 tumultum.

302 1631 371 1697 Pan
386 1624 435 1693 illi
455 1625 609 1719 genitor:
631 1634 727 1689 tener
746 1619 826 1688 ltine
842 1618 1019 1689 conatibus
1036 1646 1143 1692 anuos

301 1746 493 1842 Egreditur,
503 1745 725 1837 juvenemque
735 1756 863 1835 patrem
877 1764 961 1836 puer
968 1757 1078 1834 equat
1087 1726 1253 1818 Alatreus.

302 1867 425 1937 Felices
443 1866 559 1952 amb03
579 1864 637 1934 sed
651 1864 855 1935 fortunatior
870 1862 941 1951 ille,

305 1992 415 2079 Quem
427 1990 580 2085 genuisse
586 1989 702 2083 juvat:
716 2000 778 2057 n'ec
788 1988 857 2082 jam
872 1988 1067 2084 dignoscere
1076 2002 1265 2085 promtum,

300 2113 387 2201 Quae
398 2112 504 2206 magis
515 2129 609 2180 arma
618 2125 756 2198 sonent,
768 2134 836 2203 quo
847 2108 921 2204 plus
933 2124 987 2181 eat
999 2112 1094 2182 hesta
1105 2112 1239 2185 lacerto.

301 2235 459 2301 Arctatur
479 2231 582 2300 denso
597 2231 784 2324 fugientum
803 2231 953 2300 examine
974 2230 1108 2302 vallum.

349 2350 443 2438 Quas
458 2350 583 2433 volvis,
601 2348 763 2430 Gradive,
780 2349 888 2417 vines?
904 2348 1005 2420 modo
1025 2354 1146 2420 moenia
1163 2353 1281 2424 Cadmi

300 2469 524 2556 scandebant,
545 2478 604 2537 sua
623 2490 714 2537 nunc
732 2467 914 2538 defendunt
933 2481 1020 2541 tecta
1036 2470 1175 2566 Pelasgi.

300 2594 370 2660 Ceu
390 2590 530 2660 redeunt
546 2589 669 2674 nubes,
686 2614 749 2659 eeu
768 2589 1053 2661 circumflantibus
1072 2595 1202 2663 Austris

301 2710 458 2782 Alternus
476 2711 670 2807 procumbit
683 2736 775 2807 ager,
795 2736 856 2782 ceu
872 2713 1003 2807 gurgite
1018 2738 1103 2782 cano

302 2834 403 2901 Nunc
423 2834 540 2929 retegit
552 2833 700 2921 bibulas,
717 2858 807 2903 nunc
821 2834 933 2904 obruit
947 2847 1045 2903 aestus
1062 2859 1189 2904 arenas.

350 2955 547 3025 Procumbit
567 2955 633 3025 late
649 2957 753 3049 'pubes
772 2955 962 3048 Tirynthia,
975 2954 1108 3028 ,alumni

301 3077 446 3143 Exuvias
464 3076 593 3146 imitata
610 3077 674 3146 Dei
695 3101 703 3143 ε
726 3090 801 3145 trux
820 3090 937 3144 moeret
957 3078 998 3145 ab
1015 3077 1083 3147 alto

301 3196 619 3291 Amphitryoniades
632 3198 785 3266 Nemeaea
800 3197 835 3265 in
854 3199 1014 3291 sanguine
1029 3214 1137 3294 terga,

300 3319 344 3383 Et
362 3315 483 3384 similes
497 3341 623 3403 ramos,
643 3315 832 3408 similesque
851 3318 963 3387 videre
977 3320 1159 3413 pharetras.

299 3435 413 3503 Stabat
433 3436 466 3503 in
485 3434 648 3530 Argolieae
667 3437 789 3506 ferrato
807 3441 956 3534 margine
970 3441 1071 3511 turris

296 3556 460 3649 Egregius
478 3554 562 3624 lituo
579 3555 685 3626 dextri
701 3561 864 3629 Mavortis
881 3563 1029 3655 Enipeus

299 3679 480 3762 Hortator;
499 3675 554 3747 sed
571 3691 651 3746 tunc
671 3679 799 3748 miseris
818 3680 919 3750 dabat
939 3681 1019 3752 utile
1036 3685 1191 3778 signum,

299 3795 531 3890 Suadebatque
549 3797 680 3894 lugam,
701 3816 734 3870 et
752 3816 842 3873 tutos
857 3805 892 3872 in
907 3819 1013 3874 castra
1029 3821 1180 3901 receptus
1197 3832 1204 3873 :

296 3918 412 4006 Quum
434 3918 581 3989 subitum
600 3921 737 4016 obliquo
755 3923 923 3995 descendit
941 3927 984 3997 ab
1000 3952 1075 3997 nere
1092 3928 1231 4015 vulnus,

298 4038 523 4134 Urgentisque
538 4066 658 4113 sonum
680 4042 759 4114 laeva
778 4070 897 4116 manus
914 4072 993 4118 aure
1011 4064 1139 4119 retenta
1155 4064 1203 4118 est
