<?xml version="1.0" encoding="UTF-8"?>
<!DOCTYPE html PUBLIC "-//W3C//DTD XHTML 1.0 Transitional//EN"
    "http://www.w3.org/TR/xhtml1/DTD/xhtml1-transitional.dtd">
<html xmlns="http://www.w3.org/1999/xhtml" xml:lang="en" lang="en">
 <head>
  <title>
</title>
<meta http-equiv="Content-Type" content="text/html;charset=utf-8" />
  <meta name='ocr-system' content='tesseract 3.04.00' />
  <meta name='ocr-capabilities' content='ocr_page ocr_carea ocr_par ocr_line ocrx_word'/>
</head>
<body>
  <div class='ocr_page' id='page_1' title='image "./publiipapiniist01statgoog_0298.png"; bbox 0 0 2812 5258; ppageno 0'>
   <div class='ocr_carea' id='block_1_1' title="bbox 309 382 1344 475">
    <p class='ocr_par' dir='ltr' id='par_1_1' title="bbox 309 382 1344 475">
     <span class='ocr_line' id='line_1_1' title="bbox 309 382 1344 475; baseline 0.002 -2"><span class='ocrx_word' id='word_1_1' title='bbox 309 437 325 473; x_wconf 77' lang='lat'><em>2</em></span> <span class='ocrx_word' id='word_1_2' title='bbox 625 420 836 475; x_wconf 76' lang='lat' dir='ltr'>rnnnnmos</span> <span class='ocrx_word' id='word_1_3' title='bbox 857 382 967 474; x_wconf 76' lang='lat' dir='ltr'>arnan</span> <span class='ocrx_word' id='word_1_4' title='bbox 988 420 1036 473; x_wconf 78' lang='lat' dir='ltr'>rr.</span> <span class='ocrx_word' id='word_1_5' title='bbox 1248 413 1279 474; x_wconf 73' lang='lat' dir='ltr'>tv·</span> <span class='ocrx_word' id='word_1_6' title='bbox 1292 413 1344 475; x_wconf 69' lang='lat' dir='ltr'>n.)</span> 
     </span>
    </p>
   </div>
   <div class='ocr_carea' id='block_1_2' title="bbox 304 541 1321 2076">
    <p class='ocr_par' dir='ltr' id='par_1_2' title="bbox 305 541 1318 1476">
     <span class='ocr_line' id='line_1_2' title="bbox 356 541 1218 638; baseline -0.01 -23"><span class='ocrx_word' id='word_1_7' title='bbox 356 548 409 616; x_wconf 89' lang='lat' dir='ltr'>Sic</span> <span class='ocrx_word' id='word_1_8' title='bbox 428 545 485 613; x_wconf 93' lang='lat' dir='ltr'>ubi</span> <span class='ocrx_word' id='word_1_9' title='bbox 503 545 588 613; x_wconf 87' lang='lat' dir='ltr'>forte</span> <span class='ocrx_word' id='word_1_10' title='bbox 607 547 683 612; x_wconf 83' lang='lat' dir='ltr'>viris</span> <span class='ocrx_word' id='word_1_11' title='bbox 703 544 839 638; x_wconf 85' lang='lat' dir='ltr'>longum</span> <span class='ocrx_word' id='word_1_12' title='bbox 859 569 956 637; x_wconf 88' lang='lat' dir='ltr'>super</span> <span class='ocrx_word' id='word_1_13' title='bbox 977 567 1090 635; x_wconf 86' lang='lat' dir='ltr'>aequor</span> <span class='ocrx_word' id='word_1_14' title='bbox 1107 541 1218 620; x_wconf 89' lang='lat' dir='ltr'>ituris,</span> 
     </span>
     <span class='ocr_line' id='line_1_3' title="bbox 307 658 1318 756; baseline -0.011 -21"><span class='ocrx_word' id='word_1_15' title='bbox 307 670 422 756; x_wconf 92' lang='lat' dir='ltr'>Quum</span> <span class='ocrx_word' id='word_1_16' title='bbox 436 666 506 756; x_wconf 90' lang='lat' dir='ltr'>jam</span> <span class='ocrx_word' id='word_1_17' title='bbox 523 665 565 732; x_wconf 90' lang='lat' dir='ltr'>ad</span> <span class='ocrx_word' id='word_1_18' title='bbox 580 663 651 732; x_wconf 89' lang='lat' dir='ltr'>vela</span> <span class='ocrx_word' id='word_1_19' title='bbox 670 666 768 751; x_wconf 89' lang='lat' dir='ltr'>Noti,</span> <span class='ocrx_word' id='word_1_20' title='bbox 788 679 821 732; x_wconf 89' lang='lat' dir='ltr'>et</span> <span class='ocrx_word' id='word_1_21' title='bbox 835 666 935 732; x_wconf 88' lang='lat' dir='ltr'>scisso</span> <span class='ocrx_word' id='word_1_22' title='bbox 953 663 1039 731; x_wconf 90' lang='lat' dir='ltr'>redit</span> <span class='ocrx_word' id='word_1_23' title='bbox 1057 684 1177 729; x_wconf 89' lang='lat' dir='ltr'>ancora</span> <span class='ocrx_word' id='word_1_24' title='bbox 1197 658 1318 741; x_wconf 89' lang='lat' dir='ltr'>fundo,</span> 
     </span>
     <span class='ocr_line' id='line_1_4' title="bbox 308 780 1133 855; baseline -0.011 0"><span class='ocrx_word' id='word_1_25' title='bbox 308 792 417 855; x_wconf 79' lang='lat' dir='ltr'>Haeret</span> <span class='ocrx_word' id='word_1_26' title='bbox 434 785 537 852; x_wconf 87' lang='lat' dir='ltr'>amica</span> <span class='ocrx_word' id='word_1_27' title='bbox 556 808 673 852; x_wconf 92' lang='lat' dir='ltr'>manus</span> <span class='ocrx_word' id='word_1_28' title='bbox 689 809 696 850; x_wconf 92' lang='lat'>:</span> <span class='ocrx_word' id='word_1_29' title='bbox 712 798 842 851; x_wconf 88' lang='lat' dir='ltr'>certant</span> <span class='ocrx_word' id='word_1_30' title='bbox 861 785 1029 851; x_wconf 78' lang='lat' dir='ltr'>innectere</span> <span class='ocrx_word' id='word_1_31' title='bbox 1047 780 1133 849; x_wconf 91' lang='lat' dir='ltr'>collo</span> 
     </span>
     <span class='ocr_line' id='line_1_5' title="bbox 308 900 1272 997; baseline -0.005 -24"><span class='ocrx_word' id='word_1_32' title='bbox 308 906 466 987; x_wconf 80' lang='lat' dir='ltr'>Brachia3</span> <span class='ocrx_word' id='word_1_33' title='bbox 483 918 723 997; x_wconf 85' lang='lat' dir='ltr'>manantesque</span> <span class='ocrx_word' id='word_1_34' title='bbox 739 902 853 972; x_wconf 91' lang='lat' dir='ltr'>oculos</span> <span class='ocrx_word' id='word_1_35' title='bbox 889 903 967 970; x_wconf 91' lang='lat' dir='ltr'>hinc</span> <span class='ocrx_word' id='word_1_36' title='bbox 984 900 1095 970; x_wconf 85' lang='lat' dir='ltr'>oscula</span> <span class='ocrx_word' id='word_1_37' title='bbox 1117 901 1272 987; x_wconf 89' lang='lat' dir='ltr'>turbant,</span> 
     </span>
     <span class='ocr_line' id='line_1_6' title="bbox 306 1020 1123 1118; baseline -0.004 -28"><span class='ocrx_word' id='word_1_38' title='bbox 306 1026 393 1091; x_wconf 91' lang='lat' dir='ltr'>Hinc</span> <span class='ocrx_word' id='word_1_39' title='bbox 408 1026 520 1118; x_wconf 85' lang='lat' dir='ltr'>magni</span> <span class='ocrx_word' id='word_1_40' title='bbox 540 1023 646 1117; x_wconf 85' lang='lat' dir='ltr'>caligo</span> <span class='ocrx_word' id='word_1_41' title='bbox 662 1024 780 1107; x_wconf 86' lang='lat' dir='ltr'>maris;</span> <span class='ocrx_word' id='word_1_42' title='bbox 799 1022 1000 1115; x_wconf 80' lang='lat' dir='ltr'>tandemque</span> <span class='ocrx_word' id='word_1_43' title='bbox 1016 1020 1123 1089; x_wconf 84' lang='lat' dir='ltr'>relicti</span> 
     </span>
     <span class='ocr_line' id='line_1_7' title="bbox 307 1142 1122 1236; baseline -0.001 -25"><span class='ocrx_word' id='word_1_44' title='bbox 307 1146 404 1211; x_wconf 88' lang='lat' dir='ltr'>Stant</span> <span class='ocrx_word' id='word_1_45' title='bbox 423 1145 458 1211; x_wconf 93' lang='lat' dir='ltr'>in</span> <span class='ocrx_word' id='word_1_46' title='bbox 475 1168 558 1236; x_wconf 90' lang='lat' dir='ltr'>rupe</span> <span class='ocrx_word' id='word_1_47' title='bbox 575 1158 684 1210; x_wconf 87' lang='lat' dir='ltr'>tamen</span> <span class='ocrx_word' id='word_1_48' title='bbox 700 1169 708 1210; x_wconf 75' lang='grc' dir='ltr'>ε</span> <span class='ocrx_word' id='word_1_49' title='bbox 725 1142 883 1235; x_wconf 83' lang='lat' dir='ltr'>fugientia</span> <span class='ocrx_word' id='word_1_50' title='bbox 901 1143 1035 1210; x_wconf 90' lang='lat' dir='ltr'>carbasa</span> <span class='ocrx_word' id='word_1_51' title='bbox 1050 1145 1122 1210; x_wconf 90' lang='lat' dir='ltr'>visu</span> 
     </span>
     <span class='ocr_line' id='line_1_8' title="bbox 305 1262 1252 1357; baseline -0.003 -25"><span class='ocrx_word' id='word_1_52' title='bbox 305 1262 412 1332; x_wconf 90' lang='lat' dir='ltr'>Dulce</span> <span class='ocrx_word' id='word_1_53' title='bbox 429 1265 537 1356; x_wconf 87' lang='lat' dir='ltr'>sequi,</span> <span class='ocrx_word' id='word_1_54' title='bbox 556 1265 745 1357; x_wconf 90' lang='lat' dir='ltr'>patriosque</span> <span class='ocrx_word' id='word_1_55' title='bbox 763 1262 878 1330; x_wconf 89' lang='lat' dir='ltr'>dolent</span> <span class='ocrx_word' id='word_1_56' title='bbox 894 1263 1101 1331; x_wconf 79' lang='lat' dir='ltr'>crebrescere</span> <span class='ocrx_word' id='word_1_57' title='bbox 1123 1277 1252 1347; x_wconf 92' lang='lat' dir='ltr'>ventos;</span> 
     </span>
     <span class='ocr_line' id='line_1_9' title="bbox 306 1369 1229 1476; baseline -0.003 -25"><span class='ocrx_word' id='word_1_58' title='bbox 306 1386 403 1451; x_wconf 90' lang='lat' dir='ltr'>Stant</span> <span class='ocrx_word' id='word_1_59' title='bbox 420 1400 549 1467; x_wconf 87' lang='lat' dir='ltr'>tamen,</span> <span class='ocrx_word' id='word_1_60' title='bbox 569 1399 601 1451; x_wconf 91' lang='lat' dir='ltr'>et</span> <span class='ocrx_word' id='word_1_61' title='bbox 621 1397 733 1451; x_wconf 88' lang='lat' dir='ltr'>notam</span> <span class='ocrx_word' id='word_1_62' title='bbox 753 1369 900 1476; x_wconf 87' lang='lat' dir='ltr'>puppem</span> <span class='ocrx_word' id='word_1_63' title='bbox 917 1383 958 1449; x_wconf 90' lang='lat' dir='ltr'>de</span> <span class='ocrx_word' id='word_1_64' title='bbox 975 1407 1058 1476; x_wconf 90' lang='lat' dir='ltr'>rupe</span> <span class='ocrx_word' id='word_1_65' title='bbox 1076 1380 1229 1450; x_wconf 86' lang='lat' dir='ltr'>salutant.</span> 
     </span>
    </p>

    <p class='ocr_par' dir='ltr' id='par_1_3' title="bbox 304 1486 1321 2076">
     <span class='ocr_line' id='line_1_10' title="bbox 354 1486 1321 1596; baseline 0.002 -24"><span class='ocrx_word' id='word_1_66' title='bbox 354 1505 451 1573; x_wconf 89' lang='lat' dir='ltr'>Nunc</span> <span class='ocrx_word' id='word_1_67' title='bbox 472 1504 569 1587; x_wconf 87' lang='lat' dir='ltr'>mihi,</span> <span class='ocrx_word' id='word_1_68' title='bbox 589 1502 677 1570; x_wconf 90' lang='lat' dir='ltr'>fama</span> <span class='ocrx_word' id='word_1_69' title='bbox 697 1503 799 1596; x_wconf 88' lang='lat' dir='ltr'>prior,</span> <span class='ocrx_word' id='word_1_70' title='bbox 816 1486 1003 1592; x_wconf 24' lang='lat' dir='ltr'>‘mundique</span> <span class='ocrx_word' id='word_1_71' title='bbox 1021 1526 1142 1570; x_wconf 90' lang='lat' dir='ltr'>arcana</span> <span class='ocrx_word' id='word_1_72' title='bbox 1161 1515 1321 1574; x_wconf 87' lang='lat' dir='ltr'>vetustas.</span> 
     </span>
     <span class='ocr_line' id='line_1_11' title="bbox 306 1620 1227 1711; baseline -0.001 -20"><span class='ocrx_word' id='word_1_73' title='bbox 306 1625 370 1691; x_wconf 89' lang='lat' dir='ltr'>Cui</span> <span class='ocrx_word' id='word_1_74' title='bbox 393 1623 581 1690; x_wconf 87' lang='lat' dir='ltr'>meminisse</span> <span class='ocrx_word' id='word_1_75' title='bbox 602 1621 741 1706; x_wconf 89' lang='lat' dir='ltr'>ducum,</span> <span class='ocrx_word' id='word_1_76' title='bbox 762 1622 911 1711; x_wconf 88' lang='lat' dir='ltr'>vitasque</span> <span class='ocrx_word' id='word_1_77' title='bbox 931 1620 1110 1688; x_wconf 86' lang='lat' dir='ltr'>extendere</span> <span class='ocrx_word' id='word_1_78' title='bbox 1125 1645 1227 1708; x_wconf 83' lang='lat' dir='ltr'>eurae,</span> 
     </span>
     <span class='ocr_line' id='line_1_12' title="bbox 304 1741 1148 1835; baseline -0.002 -25"><span class='ocrx_word' id='word_1_79' title='bbox 304 1742 417 1810; x_wconf 86' lang='lat' dir='ltr'>Pande</span> <span class='ocrx_word' id='word_1_80' title='bbox 434 1743 544 1810; x_wconf 88' lang='lat' dir='ltr'>viros:</span> <span class='ocrx_word' id='word_1_81' title='bbox 562 1756 666 1834; x_wconf 91' lang='lat' dir='ltr'>tuque</span> <span class='ocrx_word' id='word_1_82' title='bbox 685 1765 705 1808; x_wconf 99' lang='lat' dir='ltr'>o</span> <span class='ocrx_word' id='word_1_83' title='bbox 724 1741 868 1810; x_wconf 87' lang='lat' dir='ltr'>nemoris</span> <span class='ocrx_word' id='word_1_84' title='bbox 887 1743 1001 1835; x_wconf 85' lang='lat' dir='ltr'>regina</span> <span class='ocrx_word' id='word_1_85' title='bbox 1019 1744 1148 1825; x_wconf 91' lang='lat' dir='ltr'>sonori,</span> 
     </span>
     <span class='ocr_line' id='line_1_13' title="bbox 304 1854 1157 1956; baseline -0.002 -25"><span class='ocrx_word' id='word_1_86' title='bbox 304 1861 467 1956; x_wconf 89' lang='lat' dir='ltr'>Calliope,</span> <span class='ocrx_word' id='word_1_87' title='bbox 484 1887 566 1954; x_wconf 89' lang='lat' dir='ltr'>quas</span> <span class='ocrx_word' id='word_1_88' title='bbox 583 1859 639 1929; x_wconf 93' lang='lat' dir='ltr'>ille</span> <span class='ocrx_word' id='word_1_89' title='bbox 658 1886 791 1947; x_wconf 88' lang='lat' dir='ltr'>manus,</span> <span class='ocrx_word' id='word_1_90' title='bbox 811 1885 884 1953; x_wconf 84' lang='lat' dir='ltr'>quae</span> <span class='ocrx_word' id='word_1_91' title='bbox 902 1854 1044 1930; x_wconf 91' lang='lat' dir='ltr'>moverit</span> <span class='ocrx_word' id='word_1_92' title='bbox 1065 1885 1157 1929; x_wconf 88' lang='lat' dir='ltr'>arma</span> 
     </span>
     <span class='ocr_line' id='line_1_14' title="bbox 304 1980 1101 2076; baseline 0 -23"><span class='ocrx_word' id='word_1_93' title='bbox 304 1982 487 2069; x_wconf 85' lang='lat' dir='ltr'>Gradivus,</span> <span class='ocrx_word' id='word_1_94' title='bbox 506 1997 647 2076; x_wconf 89' lang='lat' dir='ltr'>quantas</span> <span class='ocrx_word' id='word_1_95' title='bbox 664 1981 796 2076; x_wconf 90' lang='lat' dir='ltr'>populis</span> <span class='ocrx_word' id='word_1_96' title='bbox 813 1980 969 2051; x_wconf 85' lang='lat' dir='ltr'>solaverit</span> <span class='ocrx_word' id='word_1_97' title='bbox 984 1985 1101 2068; x_wconf 90' lang='lat' dir='ltr'>urbes,</span> 
     </span>
    </p>
   </div>
   <div class='ocr_carea' id='block_1_3' title="bbox 302 2103 1208 2683">
    <p class='ocr_par' dir='ltr' id='par_1_4' title="bbox 303 2103 1065 2198">
     <span class='ocr_line' id='line_1_15' title="bbox 303 2103 1065 2198; baseline 0 -25"><span class='ocrx_word' id='word_1_98' title='bbox 303 2103 441 2173; x_wconf 88' lang='lat' dir='ltr'>Sublata</span> <span class='ocrx_word' id='word_1_99' title='bbox 459 2103 577 2173; x_wconf 91' lang='lat' dir='ltr'>molire</span> <span class='ocrx_word' id='word_1_100' title='bbox 594 2103 664 2198; x_wconf 89' lang='lat' dir='ltr'>lyra</span> <span class='ocrx_word' id='word_1_101' title='bbox 681 2130 688 2171; x_wconf 96' lang='lat'><strong>:</strong></span> <span class='ocrx_word' id='word_1_102' title='bbox 708 2130 767 2172; x_wconf 90' lang='lat' dir='ltr'>nec</span> <span class='ocrx_word' id='word_1_103' title='bbox 785 2106 875 2173; x_wconf 90' lang='lat' dir='ltr'>enim</span> <span class='ocrx_word' id='word_1_104' title='bbox 892 2103 991 2173; x_wconf 90' lang='lat' dir='ltr'>altior</span> <span class='ocrx_word' id='word_1_105' title='bbox 1010 2106 1065 2174; x_wconf 89' lang='lat' dir='ltr'>ulli</span> 
     </span>
    </p>

    <p class='ocr_par' dir='ltr' id='par_1_5' title="bbox 302 2223 1208 2683">
     <span class='ocr_line' id='line_1_16' title="bbox 302 2223 1207 2320; baseline 0 -28"><span class='ocrx_word' id='word_1_106' title='bbox 302 2227 400 2292; x_wconf 90' lang='lat' dir='ltr'>Mens</span> <span class='ocrx_word' id='word_1_107' title='bbox 419 2224 540 2294; x_wconf 92' lang='lat' dir='ltr'>hausto</span> <span class='ocrx_word' id='word_1_108' title='bbox 556 2223 598 2291; x_wconf 94' lang='lat' dir='ltr'>de</span> <span class='ocrx_word' id='word_1_109' title='bbox 615 2224 707 2292; x_wconf 85' lang='lat' dir='ltr'>fonte</span> <span class='ocrx_word' id='word_1_110' title='bbox 730 2225 828 2292; x_wconf 89' lang='lat' dir='ltr'>veuit.</span> <span class='ocrx_word' id='word_1_111' title='bbox 846 2227 918 2291; x_wconf 86' lang='lat' dir='ltr'>Rex</span> <span class='ocrx_word' id='word_1_112' title='bbox 935 2225 1054 2311; x_wconf 87' lang='lat' dir='ltr'>tristis,</span> <span class='ocrx_word' id='word_1_113' title='bbox 1070 2241 1104 2294; x_wconf 89' lang='lat' dir='ltr'>et</span> <span class='ocrx_word' id='word_1_114' title='bbox 1120 2250 1207 2320; x_wconf 80' lang='lat' dir='ltr'>aeger</span> 
     </span>
     <span class='ocr_line' id='line_1_17' title="bbox 303 2342 1208 2435; baseline 0 -22"><span class='ocrx_word' id='word_1_115' title='bbox 303 2345 454 2413; x_wconf 90' lang='lat' dir='ltr'>Pondere</span> <span class='ocrx_word' id='word_1_116' title='bbox 471 2367 642 2428; x_wconf 88' lang='lat' dir='ltr'>curarum,</span> <span class='ocrx_word' id='word_1_117' title='bbox 660 2344 865 2435; x_wconf 90' lang='lat' dir='ltr'>propiorque</span> <span class='ocrx_word' id='word_1_118' title='bbox 881 2342 1081 2412; x_wconf 86' lang='lat' dir='ltr'>abeuntibus</span> <span class='ocrx_word' id='word_1_119' title='bbox 1097 2345 1208 2431; x_wconf 89' lang='lat' dir='ltr'>annis,</span> 
     </span>
     <span class='ocr_line' id='line_1_18' title="bbox 302 2461 1180 2552; baseline 0.001 -20"><span class='ocrx_word' id='word_1_120' title='bbox 302 2468 394 2532; x_wconf 88' lang='lat' dir='ltr'>Inter</span> <span class='ocrx_word' id='word_1_121' title='bbox 413 2461 627 2531; x_wconf 84' lang='lat' dir='ltr'>adhortantes</span> <span class='ocrx_word' id='word_1_122' title='bbox 648 2462 700 2527; x_wconf 87' lang='lat' dir='ltr'>vix</span> <span class='ocrx_word' id='word_1_123' title='bbox 721 2475 841 2552; x_wconf 92' lang='lat' dir='ltr'>sponte</span> <span class='ocrx_word' id='word_1_124' title='bbox 860 2461 984 2530; x_wconf 90' lang='lat' dir='ltr'>incedit</span> <span class='ocrx_word' id='word_1_125' title='bbox 1003 2463 1180 2550; x_wconf 85' lang='lat' dir='ltr'>Adrastus,</span> 
     </span>
     <span class='ocr_line' id='line_1_19' title="bbox 302 2578 1094 2683; baseline -0.003 -28"><span class='ocrx_word' id='word_1_126' title='bbox 302 2590 487 2656; x_wconf 90' lang='lat' dir='ltr'>Contentus</span> <span class='ocrx_word' id='word_1_127' title='bbox 503 2581 591 2648; x_wconf 86' lang='lat' dir='ltr'>ferro</span> <span class='ocrx_word' id='word_1_128' title='bbox 610 2581 699 2675; x_wconf 84' lang='lat' dir='ltr'>cingi</span> <span class='ocrx_word' id='word_1_129' title='bbox 718 2578 805 2648; x_wconf 84' lang='lat' dir='ltr'>tatus</span> <span class='ocrx_word' id='word_1_130' title='bbox 820 2606 828 2649; x_wconf 93' lang='lat'>:</span> <span class='ocrx_word' id='word_1_131' title='bbox 844 2604 936 2651; x_wconf 85' lang='lat' dir='ltr'>anna</span> <span class='ocrx_word' id='word_1_132' title='bbox 957 2585 1094 2683; x_wconf 83' lang='lat' dir='ltr'>manipli</span> 
     </span>
    </p>
   </div>
   <div class='ocr_carea' id='block_1_4' title="bbox 299 2700 1248 4125">
    <p class='ocr_par' dir='ltr' id='par_1_6' title="bbox 299 2700 1248 4125">
     <span class='ocr_line' id='line_1_20' title="bbox 302 2700 1141 2799; baseline 0.001 -27"><span class='ocrx_word' id='word_1_133' title='bbox 302 2706 392 2772; x_wconf 90' lang='lat' dir='ltr'>Pone</span> <span class='ocrx_word' id='word_1_134' title='bbox 411 2702 522 2771; x_wconf 84' lang='lat' dir='ltr'>ferunt</span> <span class='ocrx_word' id='word_1_135' title='bbox 537 2727 545 2769; x_wconf 92' lang='lat'><strong>:</strong></span> <span class='ocrx_word' id='word_1_136' title='bbox 560 2700 714 2773; x_wconf 82' lang='lat' dir='ltr'>volucres</span> <span class='ocrx_word' id='word_1_137' title='bbox 730 2705 835 2796; x_wconf 88' lang='lat' dir='ltr'>portis</span> <span class='ocrx_word' id='word_1_138' title='bbox 851 2706 969 2798; x_wconf 84' lang='lat' dir='ltr'>auriga</span> <span class='ocrx_word' id='word_1_139' title='bbox 983 2706 1044 2774; x_wconf 89' lang='lat' dir='ltr'>suh</span> <span class='ocrx_word' id='word_1_140' title='bbox 1063 2707 1141 2799; x_wconf 88' lang='lat' dir='ltr'>ipsis</span> 
     </span>
     <span class='ocr_line' id='line_1_21' title="bbox 301 2823 1181 2920; baseline -0.002 -24"><span class='ocrx_word' id='word_1_141' title='bbox 301 2825 412 2896; x_wconf 92' lang='lat' dir='ltr'>Comit</span> <span class='ocrx_word' id='word_1_142' title='bbox 432 2848 551 2917; x_wconf 86' lang='lat' dir='ltr'>equos,</span> <span class='ocrx_word' id='word_1_143' title='bbox 569 2824 685 2916; x_wconf 87' lang='lat' dir='ltr'>etjam</span> <span class='ocrx_word' id='word_1_144' title='bbox 707 2824 785 2893; x_wconf 92' lang='lat' dir='ltr'>inde</span> <span class='ocrx_word' id='word_1_145' title='bbox 801 2826 884 2920; x_wconf 81' lang='lat' dir='ltr'>jugo</span> <span class='ocrx_word' id='word_1_146' title='bbox 902 2823 1048 2895; x_wconf 90' lang='lat' dir='ltr'>luctatur</span> <span class='ocrx_word' id='word_1_147' title='bbox 1066 2828 1181 2895; x_wconf 87' lang='lat' dir='ltr'>Arion.</span> 
     </span>
     <span class='ocr_line' id='line_1_22' title="bbox 348 2944 1248 3042; baseline 0.002 -27"><span class='ocrx_word' id='word_1_148' title='bbox 348 2948 433 3015; x_wconf 91' lang='lat' dir='ltr'>Huic</span> <span class='ocrx_word' id='word_1_149' title='bbox 449 2957 556 3012; x_wconf 90' lang='lat' dir='ltr'>armat</span> <span class='ocrx_word' id='word_1_150' title='bbox 575 2946 707 3013; x_wconf 90' lang='lat' dir='ltr'>Larissa</span> <span class='ocrx_word' id='word_1_151' title='bbox 727 2945 834 3032; x_wconf 83' lang='lat' dir='ltr'>viros,</span> <span class='ocrx_word' id='word_1_152' title='bbox 852 2948 930 3015; x_wconf 90' lang='lat' dir='ltr'>huic</span> <span class='ocrx_word' id='word_1_153' title='bbox 945 2944 1033 3016; x_wconf 88' lang='lat' dir='ltr'>celsa</span> <span class='ocrx_word' id='word_1_154' title='bbox 1050 2951 1248 3042; x_wconf 89' lang='lat' dir='ltr'>Prosymne,</span> 
     </span>
     <span class='ocr_line' id='line_1_23' title="bbox 299 3064 1157 3162; baseline -0.001 -24"><span class='ocrx_word' id='word_1_155' title='bbox 299 3069 417 3162; x_wconf 82' lang='lat' dir='ltr'>Aptior</span> <span class='ocrx_word' id='word_1_156' title='bbox 432 3066 591 3134; x_wconf 87' lang='lat' dir='ltr'>armentis</span> <span class='ocrx_word' id='word_1_157' title='bbox 612 3064 741 3150; x_wconf 88' lang='lat' dir='ltr'>Midea,</span> <span class='ocrx_word' id='word_1_158' title='bbox 759 3091 984 3161; x_wconf 90' lang='lat' dir='ltr'>pecorosaque</span> <span class='ocrx_word' id='word_1_159' title='bbox 1005 3067 1157 3162; x_wconf 87' lang='lat' dir='ltr'>Phyllos,</span> 
     </span>
     <span class='ocr_line' id='line_1_24' title="bbox 299 3185 1233 3282; baseline -0.001 -24"><span class='ocrx_word' id='word_1_160' title='bbox 299 3191 449 3282; x_wconf 86' lang='lat' dir='ltr'>Quaeque</span> <span class='ocrx_word' id='word_1_161' title='bbox 469 3202 567 3281; x_wconf 82' lang='lat' dir='ltr'>pavet</span> <span class='ocrx_word' id='word_1_162' title='bbox 585 3185 686 3282; x_wconf 82' lang='lat' dir='ltr'>longa</span> <span class='ocrx_word' id='word_1_163' title='bbox 703 3203 912 3282; x_wconf 90' lang='lat' dir='ltr'>spumantem</span> <span class='ocrx_word' id='word_1_164' title='bbox 933 3188 1017 3257; x_wconf 87' lang='lat' dir='ltr'>valle</span> <span class='ocrx_word' id='word_1_165' title='bbox 1036 3190 1233 3259; x_wconf 88' lang='lat' dir='ltr'>Charadron</span> 
     </span>
     <span class='ocr_line' id='line_1_25' title="bbox 300 3307 1028 3402; baseline -0.001 -24"><span class='ocrx_word' id='word_1_166' title='bbox 300 3310 412 3394; x_wconf 91' lang='lat' dir='ltr'>Neris,</span> <span class='ocrx_word' id='word_1_167' title='bbox 427 3323 460 3376; x_wconf 90' lang='lat' dir='ltr'>et</span> <span class='ocrx_word' id='word_1_168' title='bbox 480 3309 609 3402; x_wconf 84' lang='lat' dir='ltr'>ingenti</span> <span class='ocrx_word' id='word_1_169' title='bbox 628 3310 755 3377; x_wconf 86' lang='lat' dir='ltr'>turritae</span> <span class='ocrx_word' id='word_1_170' title='bbox 775 3307 863 3377; x_wconf 89' lang='lat' dir='ltr'>mole</span> <span class='ocrx_word' id='word_1_171' title='bbox 880 3309 1028 3397; x_wconf 70' lang='lat' dir='ltr'>Cleonae,</span> 
     </span>
     <span class='ocr_line' id='line_1_26' title="bbox 299 3427 1108 3522; baseline 0.002 -24"><span class='ocrx_word' id='word_1_172' title='bbox 299 3432 341 3499; x_wconf 85' lang='lat' dir='ltr'>Et</span> <span class='ocrx_word' id='word_1_173' title='bbox 358 3427 649 3497; x_wconf 85' lang='lat' dir='ltr'>Lacedaemonium</span> <span class='ocrx_word' id='word_1_174' title='bbox 668 3430 779 3522; x_wconf 91' lang='lat' dir='ltr'>Thyre</span> <span class='ocrx_word' id='word_1_175' title='bbox 798 3428 925 3498; x_wconf 88' lang='lat' dir='ltr'>lectura</span> <span class='ocrx_word' id='word_1_176' title='bbox 944 3456 1108 3500; x_wconf 90' lang='lat' dir='ltr'>cruorem.</span> 
     </span>
     <span class='ocr_line' id='line_1_27' title="bbox 300 3551 1212 3648; baseline 0.008 -33"><span class='ocrx_word' id='word_1_177' title='bbox 300 3553 319 3615; x_wconf 87' lang='lat' dir='ltr'>J</span> <span class='ocrx_word' id='word_1_178' title='bbox 322 3562 495 3643; x_wconf 82' lang='lat' dir='ltr'>unguntur</span> <span class='ocrx_word' id='word_1_179' title='bbox 513 3572 677 3617; x_wconf 86' lang='lat' dir='ltr'>memores</span> <span class='ocrx_word' id='word_1_180' title='bbox 697 3551 880 3619; x_wconf 88' lang='lat' dir='ltr'>transmissi</span> <span class='ocrx_word' id='word_1_181' title='bbox 900 3552 942 3618; x_wconf 89' lang='lat' dir='ltr'>ab</span> <span class='ocrx_word' id='word_1_182' title='bbox 963 3553 1092 3647; x_wconf 84' lang='lat' dir='ltr'>origine</span> <span class='ocrx_word' id='word_1_183' title='bbox 1109 3555 1212 3648; x_wconf 83' lang='lat' dir='ltr'>regis,</span> 
     </span>
     <span class='ocr_line' id='line_1_28' title="bbox 299 3668 1122 3767; baseline 0.006 -30"><span class='ocrx_word' id='word_1_184' title='bbox 299 3670 368 3756; x_wconf 87' lang='lat' dir='ltr'>Qui</span> <span class='ocrx_word' id='word_1_185' title='bbox 385 3670 534 3762; x_wconf 90' lang='lat' dir='ltr'>Drepani</span> <span class='ocrx_word' id='word_1_186' title='bbox 552 3668 726 3767; x_wconf 85' lang='lat' dir='ltr'>scopulos,</span> <span class='ocrx_word' id='word_1_187' title='bbox 747 3684 780 3739; x_wconf 92' lang='lat' dir='ltr'>et</span> <span class='ocrx_word' id='word_1_188' title='bbox 797 3669 955 3740; x_wconf 73' lang='lat' dir='ltr'>oliviferae</span> <span class='ocrx_word' id='word_1_189' title='bbox 972 3673 1122 3766; x_wconf 88' lang='lat' dir='ltr'>Sicyonis</span> 
     </span>
     <span class='ocr_line' id='line_1_29' title="bbox 299 3788 1162 3887; baseline 0.002 -28"><span class='ocrx_word' id='word_1_190' title='bbox 299 3788 400 3860; x_wconf 89' lang='lat' dir='ltr'>Culta</span> <span class='ocrx_word' id='word_1_191' title='bbox 419 3804 555 3876; x_wconf 90' lang='lat' dir='ltr'>serunt,</span> <span class='ocrx_word' id='word_1_192' title='bbox 577 3814 662 3882; x_wconf 91' lang='lat' dir='ltr'>quos</span> <span class='ocrx_word' id='word_1_193' title='bbox 684 3792 778 3886; x_wconf 81' lang='lat' dir='ltr'>pigra</span> <span class='ocrx_word' id='word_1_194' title='bbox 793 3791 878 3860; x_wconf 91' lang='lat' dir='ltr'>vado</span> <span class='ocrx_word' id='word_1_195' title='bbox 895 3794 1022 3887; x_wconf 84' lang='lat' dir='ltr'>Langia</span> <span class='ocrx_word' id='word_1_196' title='bbox 1038 3795 1162 3863; x_wconf 91' lang='lat' dir='ltr'>tacenti</span> 
     </span>
     <span class='ocr_line' id='line_1_30' title="bbox 299 3907 1160 4004; baseline 0 -24"><span class='ocrx_word' id='word_1_197' title='bbox 299 3909 448 3992; x_wconf 86' lang='lat' dir='ltr'>Lamhit,</span> <span class='ocrx_word' id='word_1_198' title='bbox 465 3922 497 3976; x_wconf 90' lang='lat' dir='ltr'>et</span> <span class='ocrx_word' id='word_1_199' title='bbox 515 3907 667 3978; x_wconf 81' lang='lat' dir='ltr'>anfractu</span> <span class='ocrx_word' id='word_1_200' title='bbox 684 3912 832 4004; x_wconf 90' lang='lat' dir='ltr'>riparum</span> <span class='ocrx_word' id='word_1_201' title='bbox 853 3913 1009 3979; x_wconf 89' lang='lat' dir='ltr'>incurvus</span> <span class='ocrx_word' id='word_1_202' title='bbox 1027 3912 1160 3983; x_wconf 86' lang='lat' dir='ltr'>Elissos.</span> 
     </span>
     <span class='ocr_line' id='line_1_31' title="bbox 301 4028 1128 4125; baseline 0 -24"><span class='ocrx_word' id='word_1_203' title='bbox 301 4035 415 4101; x_wconf 83' lang='lat' dir='ltr'>Saevus</span> <span class='ocrx_word' id='word_1_204' title='bbox 432 4030 540 4097; x_wconf 92' lang='lat' dir='ltr'>honos</span> <span class='ocrx_word' id='word_1_205' title='bbox 556 4028 659 4099; x_wconf 83' lang='lat' dir='ltr'>lluvio</span> <span class='ocrx_word' id='word_1_206' title='bbox 675 4055 684 4097; x_wconf 75' lang='grc' dir='ltr'><strong><em>ε</em></strong></span> <span class='ocrx_word' id='word_1_207' title='bbox 703 4033 832 4125; x_wconf 82' lang='lat' dir='ltr'>Stygias</span> <span class='ocrx_word' id='word_1_208' title='bbox 849 4029 990 4101; x_wconf 89' lang='lat' dir='ltr'>lustrare</span> <span class='ocrx_word' id='word_1_209' title='bbox 1007 4035 1128 4104; x_wconf 86' lang='lat' dir='ltr'>severis</span> 
     </span>
    </p>
   </div>
   <div class='ocr_carea' id='block_1_5' title="bbox 0 0 1410 5258">
    <p class='ocr_par' dir='ltr' id='par_1_7' title="bbox 0 0 1410 5258">
     <span class='ocr_line' id='line_1_32' title="bbox 0 0 1410 5258; baseline 0 3"><span class='ocrx_word' id='word_1_210' title='bbox 0 0 1410 5258; x_wconf 95' lang='lat' dir='ltr'> </span> 
     </span>
    </p>
   </div>
  </div>
 </body>
</html>
