2812 5258
305 464 360 523 111
614 452 823 507 rnnaamos
843 451 950 506 uana
970 450 1022 505 111.
1183 532 1191 545 .
1222 448 1340 513 11111.)

305 582 412 674 Erigit
430 577 555 648 occulte
571 576 713 661 ferrum,
732 578 870 668 vitaeque
890 574 1029 643 labantis

304 699 485 792 Reiiiquias
505 714 617 766 tenues
635 696 712 765 odio
731 694 913 790 supplevit,
931 711 964 764 11
981 719 1090 764 ensem

305 823 376 888 Jam
394 817 485 887 laetus
502 816 611 885 fratris
628 842 695 885 non
712 815 811 884 frater
827 815 925 885 corde
945 814 1087 908 reliquit.

303 935 364 1007 1111
380 951 506 1022 autem,
525 965 542 1000 α
554 936 712 1005 Vivisnei'
732 951 764 1004 11
782 935 890 1005 adhuc
908 950 1018 1004 manet
1035 936 1083 1002 111
1101 949 1279 1026 superstes,

302 1055 446 1138 Pcrfide,
464 1080 523 1124 nec
542 1054 636 1123 sedes
654 1080 800 1147 unquam
815 1057 971 1123 meriture
992 1053 1141 1147 quietas?

304 1178 469 1244 Imecum
489 1175 531 1243 ad
550 1199 663 1242 manes
682 1200 690 1242 ε
711 1172 777 1242 11111
794 1200 924 1267 quoque
942 1191 1037 1269 pacta
1056 1199 1242 1267 reposcam,

304 1295 338 1363 Si
357 1294 456 1363 modo
472 1295 635 1388 Agenorei
653 1308 717 1363 stat
735 1296 876 1364 Gnossia
893 1294 1013 1387 judicis
1029 1318 1132 1374 111111,

305 1414 382 1502 Qua
404 1437 497 1507 reges
514 1414 633 1506 punire
652 1412 759 1481 datur.
776 1443 792 1477 1
810 1415 880 1482 Nec
899 1412 994 1506 plura
1016 1412 1158 1499 locutus,

306 1533 478 1617 Concidit,
498 1548 531 1600 et
550 1533 628 1601 totis
644 1532 779 1600 fratrem
800 1536 907 1626 gravis
924 1534 1035 1601 obruit
1052 1535 1162 1601 armis.

354 1655 403 1720 Ito
419 1666 529 1720 truces
547 1657 684 1738 animae,
701 1649 893 1746 funestaque
911 1657 1047 1721 Tartara
1068 1652 1132 1720 leto

305 1768 465 1853 Polluite,
484 1786 516 1838 11
533 1786 667 1840 cunctas
685 1772 782 1842 Erebi
800 1775 981 1841 consumite
996 1798 1118 1866 poenas.

308 1891 443 1984 Vosque
461 1889 554 1959 malis
573 1892 765 1976 hominum,
786 1893 918 1987 Stygiae,
934 1893 1001 1984 jam
1020 1896 1159 1987 parcite,
1175 1896 1277 1962 Divae.

308 2010 473 2095 Omnibus
493 2012 527 2078 in
548 2013 642 2080 terris
661 2011 766 2081 scelus
786 2013 867 2098 hoc,
885 2016 1042 2107 omnique
1058 2017 1119 2083 sub
1137 2039 1206 2082 oero

304 2127 437 2198 Viderit
450 2120 516 2198 tina
533 2130 618 2218 dies,
637 2145 889 2224 monstrumque
906 2132 1025 2202 infame
1041 2134 1159 2202 suturis

307 2248 465 2335 Excidat,
482 2265 515 2318 et
531 2248 592 2319 soli
609 2266 793 2319 memorent
810 2251 879 2318 haec
896 2252 1011 2344 proelia
1029 2279 1133 2348 reges.

354 2371 399 2437 At
414 2370 554 2461 genitor,
571 2367 702 2436 sceleris
719 2384 888 2461 comperto
906 2370 986 2457 fine,
1004 2373 1175 2464 profundis

306 2488 437 2581 Erepsit
456 2487 617 2573 tenebris,
638 2511 819 2580 savoquee
837 2489 951 2557 limine
964 2490 1090 2583 profert

305 2610 449 2678 Mortem
470 2606 693 2700 imperfectam
712 2633 720 2675 :
739 2609 840 2677 veteri
859 2623 925 2677 stat
939 2609 1070 2678 sordida
1090 2609 1166 2677 tabo

307 2730 457 2820 Utraque
471 2728 622 2811 canities,
636 2742 669 2796 et
688 2726 792 2797 durus
811 2730 970 2822 sanguine
988 2730 1086 2796 crinis

309 2847 460 2917 Oboubit
476 2845 593 2916 furiale
613 2862 713 2941 caput
734 2874 741 2916 :
762 2847 876 2942 procul
896 2873 969 2934 ora,
989 2872 1144 2941 genaeque

307 2971 420 3049 Intus,
438 2981 471 3035 et
489 2967 614 3036 effossae
631 2967 782 3061 squalent
801 2970 936 3061 vestigia
955 2966 1047 3035 lucis.

308 3090 413 3182 Virgo
433 3101 544 3157 autem
564 3089 724 3181 impositae
742 3102 901 3155 sustentat
916 3089 1062 3181 pondera
1080 3088 1183 3174 laevae,

309 3212 434 3278 Dextra
452 3207 544 3277 sedet
559 3209 678 3277 baculo
699 3235 705 3276 :
724 3208 829 3303 qualis
848 3209 874 3276 si
894 3234 1004 3304 puppe
1021 3207 1135 3278 relicta

307 3332 432 3396 Exosus
451 3329 536 3421 pigri
558 3353 670 3397 manes
689 3327 833 3397 sulcator
848 3332 970 3398 Averni

307 3451 409 3515 Exeat
430 3445 471 3514 ad
487 3448 648 3541 Superos,
665 3446 832 3540 solemque
851 3464 885 3517 et
901 3447 1023 3542 pallida
1041 3450 1150 3517 turbet

307 3571 424 3651 Astra,
443 3589 503 3633 nec
523 3568 592 3659 ipse
609 3565 667 3633 diu
687 3566 797 3654 fortis,
819 3570 1011 3662 patiensque
1031 3572 1164 3662 superni

307 3687 400 3755 Aeris
421 3712 429 3755 :
452 3687 577 3754 interea
597 3683 731 3780 longum
751 3703 900 3757 cessante
918 3691 1075 3783 magistro

308 3809 441 3874 Crescat
458 3830 560 3899 opus,
582 3807 726 3900 totisque
745 3823 933 3902 exspectent
954 3808 1069 3877 saecula
1091 3812 1182 3903 ripis.

355 3923 443 3993 Talis
463 3926 524 3993 init
542 3950 714 4019 campum,
733 3930 911 4022 comitique
931 3945 1074 3997 extrema
1094 3931 1255 4023 gementi,

309 4051 398 4128 Duc,
414 4046 477 4132 ait,
496 4043 538 4113 nd
556 4060 666 4130 natos,
686 4062 879 4140 patremque
898 4049 1100 4136 recentibus,
1122 4074 1200 4136 oro,
