2812 5258
101 449 210 512 (rand.)
415 446 621 502 Ttfflltttlnos
641 445 750 500 LIBER
765 446 788 499 Ι.

101 576 273 640 Portantes
289 569 432 664 praecede
448 571 566 654 Notos,
582 565 728 659 Cyllenia
741 563 863 660 proles,

100 693 185 758 Aera
202 714 261 784 per
278 687 455 780 liquidum,
471 687 645 780 regnisque
662 683 795 779 illapsus
813 683 921 776 opacis

100 809 164 876 Dic
183 822 302 901 patruo
318 833 325 873 :
345 830 479 900 superas
495 806 605 873 senior
618 829 653 873 se
670 802 764 873 tollat
780 803 822 871 ad
838 826 933 870 auras

99 926 215 1012 Laius,
233 925 430 993 exstinctum
448 924 517 991 nati
534 947 633 1016 quem
651 920 798 1008 vulnere,
816 918 964 988 nondum

99 1041 247 1112 Ulterior
261 1042 382 1112 Lethes
401 1043 526 1137 accepit
540 1043 630 1135 ripa,
646 1039 801 1135 profundi

100 1167 190 1257 Lege
206 1164 324 1232 Erebi:
341 1163 425 1231 ferat
442 1163 512 1230 haec
526 1159 599 1228 diro
614 1185 687 1228 mea
701 1161 790 1253 jussa
808 1161 938 1252 nepoti:

101 1285 303 1352 Germanum
318 1279 433 1350 exsilio
447 1279 585 1366 fretum,
604 1277 829 1374 Argolicisque
846 1293 1025 1347 tumentem

100 1400 272 1494 llospitiis,
289 1399 378 1492 quod
398 1414 515 1492 sponte
535 1399 642 1492 cupit,
660 1396 776 1493 procul
799 1399 918 1491 impius
936 1395 1011 1466 aula

99 1521 235 1605 hrceat,
253 1516 416 1587 alternum
432 1518 527 1612 regni
546 1517 707 1586 inficiatus
724 1518 904 1586 honorem:

99 1637 185 1703 Hinc
203 1660 307 1705 causae
323 1637 446 1704 irarum
462 1650 576 1704 :certo
593 1634 718 1729 reliqua
736 1636 850 1704 ordine
867 1635 1022 1705 ducam.»

146 1755 242 1821 Paret
258 1751 461 1822 Atlantiades
477 1752 572 1822 dictis
590 1756 765 1848 genitoris,
784 1768 817 1823 et
834 1753 910 1822 inde

101 1875 236 1941 Summa
252 1872 374 1964 pedum
392 1896 532 1964 propere
549 1870 753 1965 plantaribus
770 1872 874 1969 illigat
889 1871 966 1958 alis,

101 1989 317 2081 Obnubitque
332 2012 457 2074 comas,
474 2003 508 2056 et
528 2003 688 2082 temperat
704 2005 791 2059 astra
808 1990 929 2086 galero.

101 2111 185 2176 Tum
204 2106 326 2175 dextrae
342 2107 468 2201 virgam
485 2108 637 2194 inseruit,
655 2132 720 2200 qua
738 2106 859 2203 pellere
876 2107 987 2178 dulces

100 2230 167 2295 hut
185 2225 321 2295 suadere
340 2227 461 2294 iterum
478 2250 627 2313 somnos,
645 2251 712 2320 qua
729 2228 824 2320 nigra
840 2228 951 2295 subire

99 2349 254 2432 Tartara,
271 2358 304 2411 et
321 2368 501 2438 exsangues
518 2346 663 2414 animare
678 2359 864 2414 assueverat
881 2346 1023 2415 umbras.

99 2462 258 2549 Desiluit,
276 2463 434 2554 tenuique
452 2478 608 2556 exceptus
626 2464 790 2531 inhorruit
806 2487 895 2534 aura.

100 2583 169 2649 Nec
185 2605 290 2664 mora,
309 2577 463 2648 sublimes
479 2581 598 2673 raptim
615 2606 675 2675 per
694 2582 791 2650 inane
808 2581 937 2652 volatus

100 2699 229 2792 Carpit,
248 2712 281 2765 et
298 2699 424 2793 ingenti
440 2696 588 2791 designat
604 2698 717 2768 nubila
736 2725 825 2792 gyro.

146 2820 274 2884 Interea
291 2817 407 2910 patriis
422 2813 502 2884 olim
519 2841 620 2911 vagus
638 2814 729 2885 exsul
746 2816 787 2884 ab
805 2818 872 2884 oris

99 2933 379 3027 OEdipodionides
397 2932 485 3001 furto
502 2934 629 3002 deserta
645 2949 793 3028 pererrat

98 3055 219 3122 honiae.
237 3056 307 3121 Jam
322 3053 455 3145 jamque
472 3053 588 3120 animis
603 3051 689 3120 male
705 3053 815 3121 debita
832 3076 934 3147 regna

98 3172 268 3263 Concipit,
286 3184 319 3238 et
336 3168 472 3263 longum
491 3170 590 3261 signis
607 3171 836 3239 cunctantibus
853 3194 976 3239 annum

98 3290 192 3385 Stare
208 3289 317 3382 gemit.
338 3290 445 3356 Tenet
461 3311 528 3355 una
545 3287 613 3355 dies
630 3302 809 3380 noctesque
827 3313 998 3359 recursans

97 3408 188 3472 Cura
204 3407 328 3491 virum,
344 3407 372 3475 si
388 3406 522 3498 quando
538 3404 694 3475 humilem
711 3407 871 3478 decedere
887 3434 991 3505 regno

98 3525 320 3609 Germanum,
337 3537 370 3590 et
386 3541 488 3594 semet
504 3525 642 3612 Thebis,
660 3526 844 3621 opibusque
860 3530 1003 3623 potitum

99 3642 276 3726 Cerneret,
293 3640 356 3709 hac
372 3666 475 3712 aarum
491 3646 603 3738 cupiat
618 3670 680 3738 pro
696 3643 769 3716 luce
785 3649 915 3742 pacisci.

100 3757 197 3824 Nunc
213 3759 364 3849 queritur
379 3782 440 3827 ceu
456 3761 547 3830 tarda
562 3763 647 3857 fuga
664 3764 834 3859 dispendia
852 3791 860 3834 ε
878 3765 936 3835 sed
952 3792 1026 3836 mox

98 3872 227 3943 Attollit
245 3875 342 3944 llatus
359 3875 470 3961 ducis,
487 3892 520 3946 et
536 3881 656 3950 sedisse
673 3883 851 3975 superbum

99 3993 235 4086 Dejecto
252 4018 286 4063 se
303 3993 404 4064 fratre
420 4007 533 4089 putat,
549 4022 623 4093 spes
639 4002 734 4068 anxia
750 4016 891 4071 mentem

917 4146 968 4191 12.
