2812 5258
303 492 355 549 182
615 481 824 542 ructamus
845 478 953 533 LIBER
974 476 996 530 1.
1210 472 1333 532 (1.383.)

300 614 415 686 Evolat
432 613 531 680 :hinc
547 609 637 679 celsae
654 608 796 678 Iunonia
814 602 934 697 templa
951 602 1138 690 Prosymna

302 737 417 802 Laevus
435 732 554 817 babet3
569 729 646 795 hinc
664 723 824 795 Herculeo
841 723 969 815 signata
986 740 1109 809 vapore

302 851 427 920 lernaei
443 864 557 941 stagna
575 861 645 914 atra
660 844 752 930 vadi3
775 840 972 930 tandemque
991 835 1126 904 reclusis

303 969 448 1037 Infertur
463 967 589 1060 portis:
606 978 752 1032 actutum
770 961 856 1051 regia
875 958 980 1025 cernit

304 1082 493 1155 Vestibula:
508 1083 562 1151 bic
579 1096 669 1149 artus
684 1080 780 1148 imbri
798 1091 961 1168 ventoque
978 1076 1121 1169 rigentes

305 1204 453 1295 Projicit,
473 1203 656 1295 ignotaeque
675 1196 805 1266 acclinis
822 1195 970 1289 postibus
988 1191 1070 1261 aulae

306 1323 428 1390 Invitat
444 1335 558 1388 tenues
578 1318 619 1386 ad
637 1317 721 1385 dura
738 1311 859 1382 cubilia
875 1337 1015 1380 somnos.

354 1444 423 1507 Rex
442 1438 485 1504 ibi
504 1434 686 1528 tranquillae
707 1432 815 1501 medio
833 1432 873 1499 de
891 1430 993 1498 limite
1009 1430 1084 1496 vitae

308 1561 348 1625 In
365 1558 490 1623 senium
508 1578 645 1647 vergens
663 1550 803 1646 populos
823 1549 981 1618 Adrastus
999 1547 1157 1631 habebat,

309 1676 408 1743 Dives
427 1674 515 1757 avis,
532 1687 563 1738 et
579 1686 720 1762 utroque
739 1672 851 1737 Jovcm
873 1668 913 1735 de
929 1666 1087 1759 sanguine
1104 1666 1241 1735 ducens.

310 1793 373 1858 Hic
390 1813 483 1857 sexus
499 1787 642 1855 melioris
661 1789 775 1879 inops,
796 1784 852 1853 sed
872 1784 964 1880 prole
980 1785 1108 1853 virebat

311 1909 478 1992 Feminea,
497 1907 627 1998 gemino
646 1918 796 1973 natarum
814 1904 951 1997 pignore
968 1901 1079 1971 fultus

313 2028 376 2096 Cui
393 2025 533 2093 Phoebus
551 2047 686 2116 generos
705 2023 907 2116 (monstrum
923 2019 1085 2091 exitiabile
1101 2021 1211 2096 dictu!

313 2147 393 2212 Mox
412 2143 567 2235 adaperta
583 2140 676 2234 fides)
694 2164 763 2208 aevo
781 2141 919 2209 ducente
937 2141 1073 2208 canebat

315 2263 560 2354 setigerumque
577 2284 686 2345 suem,
704 2273 736 2327 et
752 2257 879 2326 fulvum
896 2259 1071 2327 adventare
1080 2255 1220 2327 leonem.

315 2390 391 2454 Haec
405 2384 556 2472 volvens,
575 2411 640 2454 non
658 2378 727 2473 ipse
746 2390 852 2476 pater,
866 2401 933 2445 non
952 2376 1048 2447 docte
1061 2377 1165 2446 futuri

316 2503 512 2594 Amphiarae
528 2502 636 2590 vides,
654 2506 771 2571 etenim
788 2518 877 2573 vetat
896 2520 1011 2574 auctor
1030 2495 1159 2599 Apelle.

316 2624 460 2689 Tantum
479 2621 514 2687 in
533 2620 631 2688 corde
649 2621 761 2689 sedens
777 2624 922 2714 aegrescit
943 2647 1022 2691 cura
1038 2618 1201 2718 parentis!

364 2743 449 2807 Ecce
469 2753 579 2807 autem
595 2741 763 2831 antiquam
784 2739 851 2807 lato
872 2739 1040 2834 Calydona
1056 2740 1244 2835 relinquens

318 2854 454 2925 Olenius
473 2856 603 2949 Tydeus
622 2858 776 2951 (fraterni
793 2861 958 2952 sanguinis
980 2858 1072 2927 illum

317 2976 475 3044 Conscius
494 2975 613 3043 horror
631 2975 719 3069 agit)
736 2975 847 3044 eadem
862 2978 923 3045 sub
941 2993 1037 3046 nocte
1055 3002 1174 3072 sopora

317 3095 437 3160 Lustra
457 3093 553 3179 terit,
572 3091 756 3184 similesque
775 3097 881 3163 Notos
902 3095 1074 3189 dequestus
1092 3111 1126 3167 et
1140 3096 1285 3185 imbres,

309 3208 464 3307 Klnfusam
485 3224 578 3303 tergo
596 3208 749 3303 glaciem,
767 3225 799 3279 et
820 3209 976 3304 liquentia
991 3216 1112 3283 nimbis

321 3329 410 3413 Ora,
428 3353 602 3420 comasque
622 3355 754 3422 gerens,
772 3331 860 3398 subit
878 3356 945 3399 uno
962 3336 1121 3427 tegmine,
1138 3335 1235 3428 cujus

324 3447 429 3515 Fusus
447 3447 549 3513 humo
570 3447 675 3539 gelida
694 3463 820 3540 partem
837 3452 928 3541 prior
944 3452 1061 3547 hospes
1077 3452 1229 3521 babebat.

321 3567 382 3632 Hic
402 3589 479 3632 vero
495 3564 654 3632 ambobus
673 3565 793 3634 rabiem
814 3567 946 3636 fortuna
964 3585 1136 3639 cruentam

318 3682 457 3768 Attulit3
474 3682 562 3750 baud
581 3684 664 3774 passi
686 3685 780 3751 sociis
798 3684 970 3755 defendere
991 3702 1118 3757 noctem

307 3799 550 3900 ⁸Culminibus;
569 3799 715 3894 paullum
733 3801 868 3873 alternis
887 3806 921 3871 in
939 3806 1038 3873 verba
1053 3808 1226 3900 minusque

327 3922 557 3988 Cunctantur:
577 3944 654 3987 mox
673 3935 710 3987 ut
723 3922 822 4014 jactis
836 3924 1040 3992 sermonibus
1056 3926 1111 3992 irae

323 4038 517 4104 Intumuere
536 4038 629 4125 satis,
646 4052 717 4107 tum
733 4063 811 4108 vero
828 4055 956 4108 erectus
972 4056 1110 4134 uterque
