2812 5258
202 413 256 453 rao
414 404 429 461 ·,
492 386 700 447 'turannos
721 386 830 444 LIBER
850 387 932 442 vm.
1119 380 1152 445 (v.
1165 385 1235 448 1¹5.)

197 518 401 604 Producam,
419 528 489 587 toto
505 513 630 606 pariter
647 510 709 579 tibi
726 509 843 579 funere
857 510 952 596 veni,

173 674 176 679 ·
198 637 255 708 Nil
274 638 343 708 istis
357 656 493 704 ausurus
512 632 606 724 equis
625 657 634 698 ε
652 654 714 701 nec
733 629 894 724 deprecor
911 627 1065 696 umbram

196 758 274 826 Acci
356 767 417 841 ,et
433 749 602 845 tripodum
614 751 684 844 jam
698 774 767 819 non
785 749 972 818 meminisse
988 770 1151 815 meorum.

195 776 358 953 Namplffi
374 871 514 965 praesagi
532 872 685 964 quisnam
699 894 800 965 super
820 869 956 964 auguris
971 890 1068 952 usus,

192 993 304 1080 Quum
322 992 433 1059 Parcae
451 1005 508 1059 tua
526 992 617 1084 jussa
637 989 794 1059 trabant?
814 987 871 1057 sed
889 1003 1025 1082 pectora
1042 986 1170 1075 flectas,

190 1114 231 1181 Et
248 1107 366 1179 melior
383 1110 443 1199 sis,
463 1134 593 1204 quaeso,
610 1112 689 1180 Deis
708 1137 715 1179 :
734 1109 915 1204 siquando
934 1107 1077 1176 nefanda

189 1233 262 1298 Huc
281 1228 390 1300 aderit
409 1230 551 1324 conjux,
568 1229 616 1299 illi
632 1230 761 1300 limesta
780 1254 910 1299 reserva

186 1348 357 1444 Supplicia
374 1349 458 1420 :illa
476 1365 552 1438 tua,
572 1367 682 1420 rector
698 1351 802 1437 bone,
821 1350 955 1446 dignior
973 1349 1063 1417 ira.»

233 1472 364 1564 Accipit
383 1468 439 1539 ille
453 1494 583 1563 preces,
600 1469 860 1564 indignaturque
878 1470 1014 1538 moveri.

186 1590 235 1657 Ut
251 1587 302 1658 leo
319 1587 457 1682 Massyli
473 1613 577 1682 quum
594 1587 652 1658 lux
668 1591 761 1659 stetit
778 1589 878 1658 obvia
893 1589 991 1679 ferri,

185 1711 280 1777 Tunc
300 1709 384 1798 iras,
403 1722 485 1778 tuuc
500 1733 595 1778 arma
608 1710 689 1778 citat
707 1733 716 1778 ε
735 1710 762 1778 si
781 1708 910 1778 decidat
928 1709 1053 1796 hostis,

184 1831 239 1898 Ire
258 1853 358 1922 super
374 1830 454 1900 satis
475 1844 543 1919 est,
560 1832 730 1925 vitamque
750 1829 937 1925 relinquere
955 1831 1054 1899 victo.

168 1967 172 1973 ·
232 1951 364 2020 Interea
383 1951 489 2042 vittis,
508 1949 672 2047 lauruque
688 1953 826 2048 insignis
842 1953 953 2046 opima

184 2073 331 2158 Currus,
350 2086 384 2142 et
402 2074 544 2169 egregiis
562 2073 663 2143 modo
682 2071 878 2143 formidatus
896 2073 931 2140 in
951 2074 1067 2159 armis,

182 2191 273 2259 Luce
292 2191 400 2285 palam
419 2193 511 2263 fusus
529 2192 633 2279 nulli,
655 2191 805 2285 nullique
821 2191 956 2284 fugatus

180 2310 377 2398 Quaeritur:
395 2312 560 2380 absistunt
577 2326 713 2397 turma,
732 2323 952 2402 suspectaque
969 2307 1067 2378 tellus

179 2427 345 2497 Omnibus
360 2452 369 2495 :
384 2426 479 2496 infidi
496 2427 589 2497 miles
608 2428 746 2520 vestigia
764 2427 874 2521 campi

180 2548 331 2638 Circuit,
360 2562 466 2644 atque'
491 2546 595 2622 avidae
620 2547 723 2617 tristis
744 2544 836 2615 locus
854 2545 909 2615 ille
927 2547 1032 2615 ruinoe'

178 2671 308 2758 Cessat,
324 2684 358 2738 et
373 2668 493 2739 inferni
511 2670 635 2738 vitatur
650 2669 778 2736 honore
798 2665 951 2763 sepulcri.

225 2791 374 2861 Nuntius
391 2791 540 2860 hortanti
556 2788 686 2860 diversa
706 2790 741 2857 in
760 2803 854 2884 parte
873 2785 1038 2882 maniplos

179 2911 339 3000 Adrasto,
358 2912 413 2980 vix
433 2913 504 3006 ipse
525 2925 617 2979 ratus
637 2908 774 2996 vidisse,
792 2908 958 2980 Palaemon

175 3030 334 3121 Advolat,
352 3048 386 3101 et
403 3031 588 3126 trepidans,
606 3045 744 3100 steterat
764 3055 842 3099 uam
860 3031 947 3103 forte
965 3032 1095 3102 cadenti

175 3154 365 3240 Proximus,
383 3155 596 3247 inspectoque
616 3153 716 3219 miser
733 3150 880 3246 pallebat
897 3153 1003 3224 biatu.
1085 3229 1091 3241 ,

223 3276 351 3342 «Verte
371 3272 535 3367 gradum:
555 3271 650 3366 fuge,
668 3286 791 3359 rector,
810 3275 874 3360 ait3
894 3274 920 3343 si
939 3275 1064 3344 Dorica
1082 3275 1199 3344 saltem

173 3396 276 3461 Terra
294 3391 385 3478 loco,
404 3394 586 3487 patriaeque
601 3409 754 3482 manent,
773 3394 831 3463 ubi
850 3379 1024 3487 liquimus,
1043 3419 1145 3466 arces.

172 3514 250 3583 Non
268 3513 383 3602 armis,
406 3538 473 3581 non
491 3514 652 3608 sanguine
669 3539 754 3609 opus
775 3541 783 3582 :
802 3513 883 3606 quid
900 3510 1018 3581 inutile
1037 3514 1163 3584 ferrum

171 3633 370 3727 Stringimus
387 3635 422 3702 in
438 3633 594 3703 Thebas?
612 3658 730 3704 currus
750 3635 870 3703 humus
888 3634 989 3727 impia
1008 3634 1138 3723 sorbet,

170 3756 353 3848 Armaque,
371 3753 596 3849 bellantesque
615 3755 704 3823 viros
720 3779 729 3822 ε
745 3753 858 3848 fugere
878 3777 954 3822 ecce
973 3755 1104 3824 videtur

170 3874 234 3942 Hic
253 3876 371 3962 etiam,
390 3900 458 3969 quo
474 3891 617 3961 stamus,
637 3899 715 3970 ager
733 3899 742 3940 ε
761 3872 829 3940 vidi
847 3875 917 3968 ipse
936 3874 1110 3972 profundae

170 3992 283 4064 Noctis
302 3998 376 4086 iter,
396 4012 559 4092 ruptaque
580 3994 640 4065 soli
660 4019 818 4089 compage
840 4011 1008 4080 ruentem,
