2812 5258
112 440 146 500 (r.
163 457 176 502 7
182 440 232 503 15·)
431 438 644 494 autumnos
665 438 776 494 LIBER
797 440 834 494 X.

112 570 192 639 Non
207 581 330 637 teneo:
348 563 447 634 liceat
463 566 585 634 misem
601 563 819 633 tremebunda
834 564 944 635 lavare

112 688 281 776 Vulnera,
300 702 334 757 et
352 685 535 757 undantem
553 685 708 781 lacrymis
729 687 852 756 siccare
872 712 1046 774 cruorem,

111 813 225 905 Teque
240 811 362 879 iterum
379 809 491 895 saevis,
509 809 697 902 iterumque
714 811 885 879 remittere
900 809 1004 880 bellis.

111 935 185 1002 Hoc
200 929 334 1001 malunt-
349 930 482 1002 Tbebae.
497 958 514 993 u
535 931 590 998 Sic
607 928 692 998 colla
711 955 897 1024 manusque
912 932 1048 1000 tenebat

110 1053 295 1148 Implicitus
313 1079 320 1122 :
340 1052 397 1122 sed
414 1078 474 1121 nec
492 1050 643 1146 lacrymae
662 1076 723 1120 nec
742 1052 843 1122 verba
860 1053 1039 1122 movebant

111 1174 172 1243 Dis
190 1189 306 1244 votum
319 1175 476 1267 juvenem
491 1199 499 1240 :
516 1173 599 1267 quin
616 1186 650 1240 et
666 1175 928 1243 monstrantibus
947 1173 1011 1243 illis

110 1294 242 1364 Fraude
261 1307 393 1391 patrem
409 1292 509 1362 tacita
525 1291 632 1382 subit,
650 1294 836 1387 avertitque
855 1296 1008 1364 timorem
1026 1321 1033 1363 :

158 1445 175 1478 «ι
192 1412 329 1483 Falleris
346 1413 432 1498 heu,
448 1434 610 1508 verosque
623 1428 749 1500 metus,
767 1430 861 1509 pater
882 1417 1024 1510 optime,
1039 1420 1159 1486 nescis.

111 1539 190 1608 Non
209 1560 263 1604 me
278 1533 339 1604 ulli
354 1535 516 1622 monitus,
533 1550 723 1604 neo‘vatum
741 1560 857 1606 exorsa
874 1535 1045 1606 furentum

111 1655 313 1742 sollicitant,
331 1679 510 1750 manesque
534 1672 697 1726 movent:
720 1658 782 1727 sibi
804 1656 945 1728 callidus
960 1660 1024 1728 ista

110 1779 272 1865 Tiresias,
292 1790 443 1871 natasque
464 1790 588 1846 canat:
610 1802 677 1846 non
697 1779 724 1846 si
744 1779 814 1873 ipse
832 1777 970 1849 reclusis

110 1901 272 1971 Cominus
289 1923 329 1967 ex
349 1896 456 1990 adytis
474 1899 509 1964 in
532 1921 586 1966 me
605 1898 765 1967 insaniret
784 1900 915 1995 Apollo.

112 2018 178 2089 Sed
196 2018 307 2113 gravis
325 2016 476 2085 unanimi
496 2041 591 2087 casus
614 2042 667 2087 me
685 2017 797 2087 fratris
813 2020 857 2088 ad
875 2023 993 2090 urbem

111 2143 236 2233 Sponte
255 2137 382 2208 refert:
402 2139 505 2234 gemit
520 2140 657 2209 Inachia
676 2141 757 2209 mibi
775 2144 907 2213 saucius
926 2148 1062 2213 Haesnou

110 2259 258 2356 Cuspide
277 2286 285 2329 :
307 2260 363 2328 vix
383 2257 477 2329 illum
494 2258 606 2329 medio
624 2259 666 2329 de
685 2258 822 2356 pulvere
840 2262 920 2332 belli

110 2385 203 2451 Inter
222 2395 380 2476 utrasque
396 2382 502 2468 acies,
517 2382 722 2476 jamjamque
737 2383 929 2454 tenentibus
948 2388 1060 2482 Argis.

111 2501 176 2573 Sed
193 2527 306 2571 moror
326 2527 334 2571 :
355 2503 382 2589 i,
403 2501 515 2571 refove
532 2501 689 2588 dubium,
708 2503 881 2599 turbaeque
904 2505 1024 2576 serenti

109 2625 191 2712 Die,
211 2638 367 2718 parcant,
385 2621 567 2715 leviterque
585 2623 733 2693 vehant:
754 2650 817 2719 ego
835 2625 976 2695 vulnera
993 2625 1131 2696 doctum

109 2747 275 2838 Jungere,
294 2743 508 2843 supremique
527 2742 640 2836 fugam
660 2768 817 2811 revocare
833 2746 979 2830 cruoris,

109 2864 270 2934 AEebiona
284 2879 409 2958 petam.
425 2892 442 2928 a
459 2864 515 2933 Sic
532 2861 726 2955 imperfecta
745 2861 877 2932 loeutus

109 2983 262 3079 Effugit:
283 2982 330 3053 illi
350 2999 423 3053 atra
439 3007 586 3052 mersum
605 2981 748 3076 caligine
766 2998 882 3078 pectus

110 3103 273 3174 Confudit
291 3130 427 3173 sensus:
450 3106 554 3198 pietas
573 3106 869 3200 incerta-vagatur,

103 3225 380 3320 'Discordantque
399 3240 505 3295 metus
523 3252 531 3293 ε
552 3224 729 3320 impellunt
747 3224 881 3295 eredere
897 3229 1020 3296 Parcae.

157 3348 327 3417 Turbibus
343 3348 468 3416 interea
487 3349 594 3441 ruptis
613 3348 781 3417 venientia
801 3348 910 3441 portis

109 3470 254 3563 Agmina
272 3466 424 3564 belligeri
442 3472 617 3562 Capaneus
638 3471 707 3565 agit
723 3492 856 3563 aequore
877 3472 997 3565 campi.

109 3592 245 3657 Cornua
263 3614 353 3659 nune
373 3592 541 3686 equitum,
560 3615 685 3659 cuneos
704 3616 795 3661 nune
816 3589 871 3659 ille
888 3589 1073 3685 pedestres,

108 3709 152 3775 Et
172 3707 403 3800 proculcantes
422 3710 654 3781 moderantum
675 3711 793 3780 funem
811 3736 945 3796 currus;

108 3825 201 3896 Idem
220 3825 304 3896 altas
322 3843 431 3900 turres
448 3833 552 3918 saxis,
570 3846 604 3900 et
626 3832 759 3902 turbine
779 3833 899 3901 crebro

108 3950 216 4017 Laxat
232 3973 240 4015 :
259 3949 328 4043 agit
348 3950 599 4038 turmasidem,
617 3966 717 4046 atque
734 3953 767 4021 in
786 3954 946 4048 sanguine
966 3953 1081 4021 fumat.

109 4070 209 4140 Nunc
227 4070 356 4166 spargit
372 4084 541 4164 torquens.
552 4071 680 4142 volucri
699 4094 788 4140 nova
805 4069 944 4142 vulnera
961 4071 1116 4165 plumbo,
