<?xml version="1.0" encoding="UTF-8"?>
<!DOCTYPE html PUBLIC "-//W3C//DTD XHTML 1.0 Transitional//EN"
    "http://www.w3.org/TR/xhtml1/DTD/xhtml1-transitional.dtd">
<html xmlns="http://www.w3.org/1999/xhtml" xml:lang="en" lang="en">
 <head>
  <title>
</title>
<meta http-equiv="Content-Type" content="text/html;charset=utf-8" />
  <meta name='ocr-system' content='tesseract 3.04.00' />
  <meta name='ocr-capabilities' content='ocr_page ocr_carea ocr_par ocr_line ocrx_word'/>
</head>
<body>
  <div class='ocr_page' id='page_1' title='image "./publiipapiniist01statgoog_0484.png"; bbox 0 0 2812 5258; ppageno 0'>
   <div class='ocr_carea' id='block_1_1' title="bbox 64 422 786 493">
    <p class='ocr_par' dir='ltr' id='par_1_1' title="bbox 64 422 786 493">
     <span class='ocr_line' id='line_1_1' title="bbox 64 422 786 493; baseline 0.007 -18"><span class='ocrx_word' id='word_1_1' title='bbox 64 429 97 493; x_wconf 64' lang='lat' dir='ltr'><strong>(s.</strong></span> <span class='ocrx_word' id='word_1_2' title='bbox 115 428 183 490; x_wconf 79' lang='lat' dir='ltr'><strong>sss.)</strong></span> <span class='ocrx_word' id='word_1_3' title='bbox 381 422 595 480; x_wconf 73' lang='lat' dir='ltr'><strong>Tmttnos</strong></span> <span class='ocrx_word' id='word_1_4' title='bbox 617 425 728 478; x_wconf 79' lang='lat' dir='ltr'><strong>Ltntttt</strong></span> <span class='ocrx_word' id='word_1_5' title='bbox 751 425 786 480; x_wconf 78' lang='lat' dir='ltr'><strong>x.</strong></span> 
     </span>
    </p>
   </div>
   <div class='ocr_carea' id='block_1_2' title="bbox 60 549 1010 4149">
    <p class='ocr_par' dir='ltr' id='par_1_2' title="bbox 60 549 997 2577">
     <span class='ocr_line' id='line_1_2' title="bbox 63 549 857 644; baseline -0.013 -18"><span class='ocrx_word' id='word_1_6' title='bbox 63 555 231 626; x_wconf 82' lang='lat' dir='ltr'><strong>Moenibus</strong></span> <span class='ocrx_word' id='word_1_7' title='bbox 249 579 257 620; x_wconf 74' lang='grc' dir='ltr'><strong>ε</strong></span> <span class='ocrx_word' id='word_1_8' title='bbox 278 551 448 621; x_wconf 73' lang='lat' dir='ltr'><strong>exundant</strong></span> <span class='ocrx_word' id='word_1_9' title='bbox 465 574 552 619; x_wconf 82' lang='lat' dir='ltr'><strong>saevo</strong></span> <span class='ocrx_word' id='word_1_10' title='bbox 569 549 700 644; x_wconf 86' lang='lat' dir='ltr'><strong>fastigia</strong></span> <span class='ocrx_word' id='word_1_11' title='bbox 722 550 857 638; x_wconf 85' lang='lat' dir='ltr'><strong>nimbo,</strong></span> 
     </span>
     <span class='ocr_line' id='line_1_3' title="bbox 63 668 888 768; baseline -0.008 -23"><span class='ocrx_word' id='word_1_12' title='bbox 63 681 275 768; x_wconf 70' lang='lat' dir='ltr'><strong>Armatasque</strong></span> <span class='ocrx_word' id='word_1_13' title='bbox 293 686 432 741; x_wconf 83' lang='lat' dir='ltr'><strong>vomunt</strong></span> <span class='ocrx_word' id='word_1_14' title='bbox 451 669 625 740; x_wconf 89' lang='lat' dir='ltr'><strong>stridentia</strong></span> <span class='ocrx_word' id='word_1_15' title='bbox 645 668 711 740; x_wconf 87' lang='lat' dir='ltr'><strong>tela</strong></span> <span class='ocrx_word' id='word_1_16' title='bbox 729 670 888 739; x_wconf 76' lang='lat' dir='ltr'><strong>fenestrae.</strong></span> 
     </span>
     <span class='ocr_line' id='line_1_4' title="bbox 62 790 923 887; baseline -0.008 -22"><span class='ocrx_word' id='word_1_17' title='bbox 62 794 218 887; x_wconf 81' lang='lat' dir='ltr'><strong>Qualiter</strong></span> <span class='ocrx_word' id='word_1_18' title='bbox 230 808 288 864; x_wconf 92' lang='lat' dir='ltr'><strong>aut</strong></span> <span class='ocrx_word' id='word_1_19' title='bbox 303 792 458 881; x_wconf 83' lang='lat' dir='ltr'><strong>Malean,</strong></span> <span class='ocrx_word' id='word_1_20' title='bbox 475 806 533 862; x_wconf 89' lang='lat' dir='ltr'><strong>aut</strong></span> <span class='ocrx_word' id='word_1_21' title='bbox 553 790 622 860; x_wconf 89' lang='lat' dir='ltr'><strong>alta</strong></span> <span class='ocrx_word' id='word_1_22' title='bbox 637 793 802 862; x_wconf 83' lang='lat' dir='ltr'><strong>Ceraunia</strong></span> <span class='ocrx_word' id='word_1_23' title='bbox 820 815 923 885; x_wconf 90' lang='lat' dir='ltr'><strong>supra</strong></span> 
     </span>
     <span class='ocr_line' id='line_1_5' title="bbox 62 910 922 1007; baseline -0.009 -20"><span class='ocrx_word' id='word_1_24' title='bbox 62 920 238 987; x_wconf 85' lang='lat' dir='ltr'><strong>Cessantes</strong></span> <span class='ocrx_word' id='word_1_25' title='bbox 257 917 293 985; x_wconf 91' lang='lat' dir='ltr'><strong>in</strong></span> <span class='ocrx_word' id='word_1_26' title='bbox 311 915 400 984; x_wconf 90' lang='lat' dir='ltr'><strong>nube</strong></span> <span class='ocrx_word' id='word_1_27' title='bbox 417 913 556 1002; x_wconf 86' lang='lat' dir='ltr'><strong>sedent,</strong></span> <span class='ocrx_word' id='word_1_28' title='bbox 571 913 742 1007; x_wconf 77' lang='lat' dir='ltr'><strong>nigrisque</strong></span> <span class='ocrx_word' id='word_1_29' title='bbox 763 910 922 1007; x_wconf 90' lang='lat' dir='ltr'><strong>leguntur</strong></span> 
     </span>
     <span class='ocr_line' id='line_1_6' title="bbox 60 1030 902 1126; baseline -0.008 -19"><span class='ocrx_word' id='word_1_30' title='bbox 60 1036 232 1120; x_wconf 85' lang='lat' dir='ltr'><strong>Collibus,</strong></span> <span class='ocrx_word' id='word_1_31' title='bbox 250 1052 284 1106; x_wconf 88' lang='lat' dir='ltr'><strong>et</strong></span> <span class='ocrx_word' id='word_1_32' title='bbox 300 1037 418 1106; x_wconf 74' lang='lat' dir='ltr'><strong>subitae</strong></span> <span class='ocrx_word' id='word_1_33' title='bbox 436 1033 561 1103; x_wconf 88' lang='lat' dir='ltr'><strong>saliunt</strong></span> <span class='ocrx_word' id='word_1_34' title='bbox 574 1035 609 1101; x_wconf 94' lang='lat' dir='ltr'><strong>in</strong></span> <span class='ocrx_word' id='word_1_35' title='bbox 628 1030 700 1102; x_wconf 86' lang='lat' dir='ltr'><strong>vela</strong></span> <span class='ocrx_word' id='word_1_36' title='bbox 720 1030 876 1126; x_wconf 75' lang='lat' dir='ltr'><strong>procellae</strong></span> <span class='ocrx_word' id='word_1_37' title='bbox 894 1058 902 1100; x_wconf 74' lang='grc' dir='ltr'><em>τ</em></span> 
     </span>
     <span class='ocr_line' id='line_1_7' title="bbox 61 1154 824 1252; baseline -0.009 -25"><span class='ocrx_word' id='word_1_38' title='bbox 61 1157 151 1228; x_wconf 85' lang='lat' dir='ltr'><strong>Talis</strong></span> <span class='ocrx_word' id='word_1_39' title='bbox 166 1158 348 1252; x_wconf 82' lang='lat' dir='ltr'><strong>Agenoreis</strong></span> <span class='ocrx_word' id='word_1_40' title='bbox 365 1156 529 1250; x_wconf 84' lang='lat' dir='ltr'><strong>Argivum</strong></span> <span class='ocrx_word' id='word_1_41' title='bbox 545 1154 707 1222; x_wconf 85' lang='lat' dir='ltr'><strong>exercitus</strong></span> <span class='ocrx_word' id='word_1_42' title='bbox 723 1154 824 1221; x_wconf 87' lang='lat' dir='ltr'><strong>armis</strong></span> 
     </span>
     <span class='ocr_line' id='line_1_8' title="bbox 63 1273 939 1369; baseline -0.006 -21"><span class='ocrx_word' id='word_1_43' title='bbox 63 1279 254 1348; x_wconf 86' lang='lat' dir='ltr'><strong>Obruitur:</strong></span> <span class='ocrx_word' id='word_1_44' title='bbox 283 1301 351 1346; x_wconf 88' lang='lat' dir='ltr'><strong>non</strong></span> <span class='ocrx_word' id='word_1_45' title='bbox 364 1299 424 1345; x_wconf 89' lang='lat' dir='ltr'><strong>ora</strong></span> <span class='ocrx_word' id='word_1_46' title='bbox 442 1275 573 1360; x_wconf 83' lang='lat' dir='ltr'><strong>virum,</strong></span> <span class='ocrx_word' id='word_1_47' title='bbox 592 1296 661 1342; x_wconf 91' lang='lat' dir='ltr'><strong>non</strong></span> <span class='ocrx_word' id='word_1_48' title='bbox 681 1279 815 1369; x_wconf 83' lang='lat' dir='ltr'><strong>pectora</strong></span> <span class='ocrx_word' id='word_1_49' title='bbox 834 1273 939 1343; x_wconf 88' lang='lat' dir='ltr'><strong>flectit</strong></span> 
     </span>
     <span class='ocr_line' id='line_1_9' title="bbox 62 1394 962 1489; baseline -0.006 -20"><span class='ocrx_word' id='word_1_50' title='bbox 62 1401 175 1469; x_wconf 90' lang='lat' dir='ltr'><strong>Imber</strong></span> <span class='ocrx_word' id='word_1_51' title='bbox 192 1414 307 1485; x_wconf 85' lang='lat' dir='ltr'><strong>atrox,</strong></span> <span class='ocrx_word' id='word_1_52' title='bbox 327 1410 502 1489; x_wconf 85' lang='lat' dir='ltr'><strong>rectosque</strong></span> <span class='ocrx_word' id='word_1_53' title='bbox 521 1409 637 1465; x_wconf 90' lang='lat' dir='ltr'><strong>tenent</strong></span> <span class='ocrx_word' id='word_1_54' title='bbox 655 1396 689 1464; x_wconf 92' lang='lat' dir='ltr'><strong>in</strong></span> <span class='ocrx_word' id='word_1_55' title='bbox 709 1396 830 1464; x_wconf 88' lang='lat' dir='ltr'><strong>moenia</strong></span> <span class='ocrx_word' id='word_1_56' title='bbox 849 1394 962 1464; x_wconf 82' lang='lat' dir='ltr'><strong>vultus</strong></span> 
     </span>
     <span class='ocr_line' id='line_1_10' title="bbox 61 1515 912 1605; baseline -0.006 -16"><span class='ocrx_word' id='word_1_57' title='bbox 61 1523 276 1589; x_wconf 81' lang='lat' dir='ltr'><strong>Immemores</strong></span> <span class='ocrx_word' id='word_1_58' title='bbox 294 1517 371 1605; x_wconf 87' lang='lat' dir='ltr'><strong>leti,</strong></span> <span class='ocrx_word' id='word_1_59' title='bbox 388 1531 422 1587; x_wconf 88' lang='lat' dir='ltr'><strong>et</strong></span> <span class='ocrx_word' id='word_1_60' title='bbox 441 1531 571 1585; x_wconf 86' lang='lat' dir='ltr'><strong>tantum</strong></span> <span class='ocrx_word' id='word_1_61' title='bbox 590 1541 649 1586; x_wconf 87' lang='lat' dir='ltr'><strong>sua</strong></span> <span class='ocrx_word' id='word_1_62' title='bbox 667 1515 733 1585; x_wconf 91' lang='lat' dir='ltr'><strong>tela</strong></span> <span class='ocrx_word' id='word_1_63' title='bbox 754 1515 912 1585; x_wconf 85' lang='lat' dir='ltr'><strong>videntes.</strong></span> 
     </span>
     <span class='ocr_line' id='line_1_11' title="bbox 62 1636 814 1718; baseline -0.003 -9"><span class='ocrx_word' id='word_1_64' title='bbox 62 1638 192 1709; x_wconf 80' lang='lat' dir='ltr'><strong>Anthea</strong></span> <span class='ocrx_word' id='word_1_65' title='bbox 212 1637 332 1718; x_wconf 85' lang='lat' dir='ltr'><strong>falcato</strong></span> <span class='ocrx_word' id='word_1_66' title='bbox 351 1636 550 1708; x_wconf 78' lang='lat' dir='ltr'><strong>lustrantem</strong></span> <span class='ocrx_word' id='word_1_67' title='bbox 571 1639 693 1707; x_wconf 91' lang='lat' dir='ltr'><strong>moenia</strong></span> <span class='ocrx_word' id='word_1_68' title='bbox 712 1660 814 1707; x_wconf 82' lang='lat' dir='ltr'><strong>curru</strong></span> 
     </span>
     <span class='ocr_line' id='line_1_12' title="bbox 62 1757 936 1856; baseline -0.002 -27"><span class='ocrx_word' id='word_1_69' title='bbox 62 1764 217 1855; x_wconf 86' lang='lat' dir='ltr'><strong>Desuper</strong></span> <span class='ocrx_word' id='word_1_70' title='bbox 233 1762 370 1856; x_wconf 82' lang='lat' dir='ltr'><strong>Ogygia·</strong></span> <span class='ocrx_word' id='word_1_71' title='bbox 387 1757 517 1854; x_wconf 88' lang='lat' dir='ltr'><strong>pepulit</strong></span> <span class='ocrx_word' id='word_1_72' title='bbox 537 1761 647 1855; x_wconf 87' lang='lat' dir='ltr'><strong>gravis</strong></span> <span class='ocrx_word' id='word_1_73' title='bbox 662 1761 806 1853; x_wconf 88' lang='lat' dir='ltr'><strong>impetus</strong></span> <span class='ocrx_word' id='word_1_74' title='bbox 823 1759 936 1828; x_wconf 79' lang='lat' dir='ltr'><strong>hastae.</strong></span> 
     </span>
     <span class='ocr_line' id='line_1_13' title="bbox 62 1877 940 1974; baseline -0.003 -24"><span class='ocrx_word' id='word_1_75' title='bbox 62 1885 152 1950; x_wconf 90' lang='lat' dir='ltr'><strong>Lora</strong></span> <span class='ocrx_word' id='word_1_76' title='bbox 169 1905 306 1951; x_wconf 82' lang='lat' dir='ltr'><strong>excussa</strong></span> <span class='ocrx_word' id='word_1_77' title='bbox 323 1904 447 1960; x_wconf 79' lang='lat' dir='ltr'><strong>manu,</strong></span> <span class='ocrx_word' id='word_1_78' title='bbox 467 1894 623 1973; x_wconf 87' lang='lat' dir='ltr'><strong>retroque</strong></span> <span class='ocrx_word' id='word_1_79' title='bbox 641 1881 676 1947; x_wconf 96' lang='lat' dir='ltr'><strong>in</strong></span> <span class='ocrx_word' id='word_1_80' title='bbox 694 1893 787 1974; x_wconf 90' lang='lat' dir='ltr'><strong>terga</strong></span> <span class='ocrx_word' id='word_1_81' title='bbox 798 1877 940 1948; x_wconf 74' lang='lat' dir='ltr'><strong>‘volutus</strong></span> 
     </span>
     <span class='ocr_line' id='line_1_14' title="bbox 63 1999 889 2084; baseline -0.002 -15"><span class='ocrx_word' id='word_1_82' title='bbox 63 2001 282 2069; x_wconf 81' lang='lat' dir='ltr'><strong>semianimos</strong></span> <span class='ocrx_word' id='word_1_83' title='bbox 296 2014 389 2068; x_wconf 88' lang='lat' dir='ltr'><strong>artus</strong></span> <span class='ocrx_word' id='word_1_84' title='bbox 410 2000 515 2068; x_wconf 91' lang='lat' dir='ltr'><strong>ocreis</strong></span> <span class='ocrx_word' id='word_1_85' title='bbox 533 1999 754 2068; x_wconf 85' lang='lat' dir='ltr'><strong>retinentibus</strong></span> <span class='ocrx_word' id='word_1_86' title='bbox 769 1999 889 2084; x_wconf 81' lang='lat' dir='ltr'><strong>haeret3</strong></span> 
     </span>
     <span class='ocr_line' id='line_1_15' title="bbox 62 2117 920 2206; baseline -0.003 -16"><span class='ocrx_word' id='word_1_87' title='bbox 62 2119 258 2190; x_wconf 89' lang='lat' dir='ltr'><strong>Mirandum</strong></span> <span class='ocrx_word' id='word_1_88' title='bbox 279 2123 352 2190; x_wconf 88' lang='lat' dir='ltr'><strong>visu</strong></span> <span class='ocrx_word' id='word_1_89' title='bbox 372 2119 451 2190; x_wconf 91' lang='lat' dir='ltr'><strong>belli</strong></span> <span class='ocrx_word' id='word_1_90' title='bbox 473 2117 592 2190; x_wconf 88' lang='lat' dir='ltr'><strong>scelus!</strong></span> <span class='ocrx_word' id='word_1_91' title='bbox 614 2143 707 2188; x_wconf 92' lang='lat' dir='ltr'><strong>arma</strong></span> <span class='ocrx_word' id='word_1_92' title='bbox 726 2120 920 2206; x_wconf 86' lang='lat' dir='ltr'><strong>trahuntur,</strong></span> 
     </span>
     <span class='ocr_line' id='line_1_16' title="bbox 62 2238 899 2334; baseline -0.001 -24"><span class='ocrx_word' id='word_1_93' title='bbox 62 2245 310 2334; x_wconf 84' lang='lat' dir='ltr'><strong>Fumantesque</strong></span> <span class='ocrx_word' id='word_1_94' title='bbox 326 2255 408 2310; x_wconf 81' lang='lat' dir='ltr'><strong>rotoe</strong></span> <span class='ocrx_word' id='word_1_95' title='bbox 423 2238 592 2328; x_wconf 85' lang='lat' dir='ltr'><strong>tellurem,</strong></span> <span class='ocrx_word' id='word_1_96' title='bbox 610 2255 643 2309; x_wconf 88' lang='lat' dir='ltr'><strong>et</strong></span> <span class='ocrx_word' id='word_1_97' title='bbox 665 2241 779 2309; x_wconf 89' lang='lat' dir='ltr'><strong>tertius</strong></span> <span class='ocrx_word' id='word_1_98' title='bbox 798 2240 899 2309; x_wconf 76' lang='lat' dir='ltr'><strong>hastae</strong></span> 
     </span>
     <span class='ocr_line' id='line_1_17' title="bbox 62 2358 997 2456; baseline -0.002 -24"><span class='ocrx_word' id='word_1_99' title='bbox 62 2361 181 2433; x_wconf 89' lang='lat' dir='ltr'><strong>Sulcus</strong></span> <span class='ocrx_word' id='word_1_100' title='bbox 200 2375 297 2430; x_wconf 89' lang='lat' dir='ltr'><strong>arant</strong></span> <span class='ocrx_word' id='word_1_101' title='bbox 316 2387 323 2430; x_wconf 93' lang='lat'><strong>:</strong></span> <span class='ocrx_word' id='word_1_102' title='bbox 345 2359 445 2456; x_wconf 85' lang='lat' dir='ltr'><strong>longo</strong></span> <span class='ocrx_word' id='word_1_103' title='bbox 463 2363 614 2454; x_wconf 85' lang='lat' dir='ltr'><strong>sequitur</strong></span> <span class='ocrx_word' id='word_1_104' title='bbox 632 2385 714 2456; x_wconf 83' lang='lat' dir='ltr'><strong>vaga</strong></span> <span class='ocrx_word' id='word_1_105' title='bbox 733 2358 868 2456; x_wconf 86' lang='lat' dir='ltr'><strong>pulvere</strong></span> <span class='ocrx_word' id='word_1_106' title='bbox 885 2363 997 2430; x_wconf 84' lang='lat' dir='ltr'><strong>cervix</strong></span> 
     </span>
     <span class='ocr_line' id='line_1_18' title="bbox 63 2479 905 2577; baseline -0.001 -24"><span class='ocrx_word' id='word_1_107' title='bbox 63 2488 105 2553; x_wconf 89' lang='lat' dir='ltr'><strong>Et</strong></span> <span class='ocrx_word' id='word_1_108' title='bbox 121 2483 355 2577; x_wconf 83' lang='lat' dir='ltr'><strong>resupinarum</strong></span> <span class='ocrx_word' id='word_1_109' title='bbox 372 2495 464 2575; x_wconf 89' lang='lat' dir='ltr'><strong>patet</strong></span> <span class='ocrx_word' id='word_1_110' title='bbox 481 2481 591 2549; x_wconf 89' lang='lat' dir='ltr'><strong>orbita</strong></span> <span class='ocrx_word' id='word_1_111' title='bbox 608 2479 709 2576; x_wconf 88' lang='lat' dir='ltr'><strong>longa</strong></span> <span class='ocrx_word' id='word_1_112' title='bbox 721 2506 905 2552; x_wconf 91' lang='lat' dir='ltr'><strong>comarum.</strong></span> 
     </span>
    </p>

    <p class='ocr_par' dir='ltr' id='par_1_3' title="bbox 60 2601 1010 4149">
     <span class='ocr_line' id='line_1_19' title="bbox 111 2601 941 2697; baseline -0.001 -25"><span class='ocrx_word' id='word_1_113' title='bbox 111 2608 156 2673; x_wconf 78' lang='lat' dir='ltr'><strong>At</strong></span> <span class='ocrx_word' id='word_1_114' title='bbox 174 2602 254 2672; x_wconf 88' lang='lat' dir='ltr'><strong>tuba</strong></span> <span class='ocrx_word' id='word_1_115' title='bbox 272 2602 425 2671; x_wconf 82' lang='lat' dir='ltr'><strong>luctificis</strong></span> <span class='ocrx_word' id='word_1_116' title='bbox 445 2601 557 2696; x_wconf 91' lang='lat' dir='ltr'><strong>pulsat</strong></span> <span class='ocrx_word' id='word_1_117' title='bbox 574 2601 786 2697; x_wconf 81' lang='lat' dir='ltr'><strong>clangoribus</strong></span> <span class='ocrx_word' id='word_1_118' title='bbox 807 2603 941 2687; x_wconf 84' lang='lat' dir='ltr'><strong>urbem,</strong></span> 
     </span>
     <span class='ocr_line' id='line_1_20' title="bbox 63 2722 864 2816; baseline -0.006 -22"><span class='ocrx_word' id='word_1_119' title='bbox 63 2724 295 2816; x_wconf 88' lang='lat' dir='ltr'><strong>Obseptasque</strong></span> <span class='ocrx_word' id='word_1_120' title='bbox 313 2722 400 2792; x_wconf 88' lang='lat' dir='ltr'><strong>sores</strong></span> <span class='ocrx_word' id='word_1_121' title='bbox 417 2723 528 2790; x_wconf 90' lang='lat' dir='ltr'><strong>sonitu</strong></span> <span class='ocrx_word' id='word_1_122' title='bbox 546 2722 722 2816; x_wconf 86' lang='lat' dir='ltr'><strong>perfringit</strong></span> <span class='ocrx_word' id='word_1_123' title='bbox 739 2746 864 2790; x_wconf 89' lang='lat' dir='ltr'><strong>amaro.</strong></span> 
     </span>
     <span class='ocr_line' id='line_1_21' title="bbox 62 2838 850 2935; baseline -0.006 -22"><span class='ocrx_word' id='word_1_124' title='bbox 62 2845 212 2913; x_wconf 84' lang='lat' dir='ltr'><strong>Divisere</strong></span> <span class='ocrx_word' id='word_1_125' title='bbox 230 2842 357 2931; x_wconf 85' lang='lat' dir='ltr'><strong>aditus,</strong></span> <span class='ocrx_word' id='word_1_126' title='bbox 375 2842 534 2935; x_wconf 88' lang='lat' dir='ltr'><strong>omnique</strong></span> <span class='ocrx_word' id='word_1_127' title='bbox 553 2840 588 2908; x_wconf 90' lang='lat' dir='ltr'><strong>in</strong></span> <span class='ocrx_word' id='word_1_128' title='bbox 609 2838 723 2908; x_wconf 90' lang='lat' dir='ltr'><strong>limine</strong></span> <span class='ocrx_word' id='word_1_129' title='bbox 745 2863 850 2908; x_wconf 74' lang='lat' dir='ltr'><strong>saevus</strong></span> 
     </span>
     <span class='ocr_line' id='line_1_22' title="bbox 65 2960 983 3059; baseline -0.005 -26"><span class='ocrx_word' id='word_1_130' title='bbox 65 2964 210 3059; x_wconf 85' lang='lat' dir='ltr'><strong>Signifer</strong></span> <span class='ocrx_word' id='word_1_131' title='bbox 227 2979 304 3032; x_wconf 87' lang='lat' dir='ltr'><strong>ante</strong></span> <span class='ocrx_word' id='word_1_132' title='bbox 323 2988 437 3033; x_wconf 89' lang='lat' dir='ltr'><strong>omnes</strong></span> <span class='ocrx_word' id='word_1_133' title='bbox 455 2986 516 3031; x_wconf 86' lang='lat' dir='ltr'><strong>sua</strong></span> <span class='ocrx_word' id='word_1_134' title='bbox 533 2960 652 3030; x_wconf 88' lang='lat' dir='ltr'><strong>damna</strong></span> <span class='ocrx_word' id='word_1_135' title='bbox 672 2974 705 3030; x_wconf 92' lang='lat' dir='ltr'><strong>et</strong></span> <span class='ocrx_word' id='word_1_136' title='bbox 722 2960 843 3056; x_wconf 89' lang='lat' dir='ltr'><strong>gaudia</strong></span> <span class='ocrx_word' id='word_1_137' title='bbox 861 2976 983 3056; x_wconf 92' lang='lat' dir='ltr'><strong>portat.</strong></span> 
     </span>
     <span class='ocr_line' id='line_1_23' title="bbox 63 3080 874 3176; baseline -0.004 -24"><span class='ocrx_word' id='word_1_138' title='bbox 63 3085 146 3153; x_wconf 88' lang='lat' dir='ltr'><strong>Dira</strong></span> <span class='ocrx_word' id='word_1_139' title='bbox 164 3084 254 3153; x_wconf 91' lang='lat' dir='ltr'><strong>intus</strong></span> <span class='ocrx_word' id='word_1_140' title='bbox 271 3083 372 3152; x_wconf 88' lang='lat' dir='ltr'><strong>facies</strong></span> <span class='ocrx_word' id='word_1_141' title='bbox 389 3110 396 3152; x_wconf 93' lang='lat'><strong>:</strong></span> <span class='ocrx_word' id='word_1_142' title='bbox 420 3085 474 3152; x_wconf 84' lang='lat' dir='ltr'><strong>vix</strong></span> <span class='ocrx_word' id='word_1_143' title='bbox 490 3086 625 3152; x_wconf 85' lang='lat' dir='ltr'><strong>Mavors</strong></span> <span class='ocrx_word' id='word_1_144' title='bbox 642 3082 714 3176; x_wconf 86' lang='lat' dir='ltr'><strong>ipse</strong></span> <span class='ocrx_word' id='word_1_145' title='bbox 730 3080 874 3151; x_wconf 84' lang='lat' dir='ltr'><strong>videndo</strong></span> 
     </span>
     <span class='ocr_line' id='line_1_24' title="bbox 63 3201 974 3299; baseline -0.004 -25"><span class='ocrx_word' id='word_1_146' title='bbox 63 3204 240 3274; x_wconf 87' lang='lat' dir='ltr'><strong>Gaudeat:</strong></span> <span class='ocrx_word' id='word_1_147' title='bbox 263 3206 398 3273; x_wconf 88' lang='lat' dir='ltr'><strong>incertis</strong></span> <span class='ocrx_word' id='word_1_148' title='bbox 418 3202 621 3299; x_wconf 85' lang='lat' dir='ltr'><strong>lymphatam</strong></span> <span class='ocrx_word' id='word_1_149' title='bbox 640 3202 838 3272; x_wconf 87' lang='lat' dir='ltr'><strong>horroribus</strong></span> <span class='ocrx_word' id='word_1_150' title='bbox 858 3201 974 3270; x_wconf 87' lang='lat' dir='ltr'><strong>urbem</strong></span> 
     </span>
     <span class='ocr_line' id='line_1_25' title="bbox 62 3323 944 3418; baseline -0.005 -22"><span class='ocrx_word' id='word_1_151' title='bbox 62 3326 227 3396; x_wconf 88' lang='lat' dir='ltr'><strong>Scindunt</strong></span> <span class='ocrx_word' id='word_1_152' title='bbox 247 3326 397 3396; x_wconf 89' lang='lat' dir='ltr'><strong>dissensu</strong></span> <span class='ocrx_word' id='word_1_153' title='bbox 416 3327 528 3413; x_wconf 80' lang='lat' dir='ltr'><strong>vario,</strong></span> <span class='ocrx_word' id='word_1_154' title='bbox 548 3324 744 3418; x_wconf 83' lang='lat' dir='ltr'><strong>luctusque,</strong></span> <span class='ocrx_word' id='word_1_155' title='bbox 765 3323 944 3418; x_wconf 85' lang='lat' dir='ltr'><strong>furorque,</strong></span> 
     </span>
     <span class='ocr_line' id='line_1_26' title="bbox 62 3445 887 3542; baseline -0.002 -27"><span class='ocrx_word' id='word_1_156' title='bbox 62 3450 107 3515; x_wconf 87' lang='lat' dir='ltr'><strong>Et</strong></span> <span class='ocrx_word' id='word_1_157' title='bbox 122 3472 237 3542; x_wconf 90' lang='lat' dir='ltr'><strong>pavor,</strong></span> <span class='ocrx_word' id='word_1_158' title='bbox 254 3463 287 3516; x_wconf 92' lang='lat' dir='ltr'><strong>et</strong></span> <span class='ocrx_word' id='word_1_159' title='bbox 304 3448 399 3519; x_wconf 84' lang='lat' dir='ltr'><strong>caecis</strong></span> <span class='ocrx_word' id='word_1_160' title='bbox 417 3445 495 3542; x_wconf 87' lang='lat' dir='ltr'><strong>suga</strong></span> <span class='ocrx_word' id='word_1_161' title='bbox 513 3445 713 3515; x_wconf 83' lang='lat' dir='ltr'><strong>circumfusa</strong></span> <span class='ocrx_word' id='word_1_162' title='bbox 733 3445 887 3514; x_wconf 85' lang='lat' dir='ltr'><strong>tenebris.</strong></span> 
     </span>
     <span class='ocr_line' id='line_1_27' title="bbox 62 3565 981 3663; baseline 0 -28"><span class='ocrx_word' id='word_1_163' title='bbox 62 3565 190 3635; x_wconf 85' lang='lat' dir='ltr'><strong>Bellum</strong></span> <span class='ocrx_word' id='word_1_164' title='bbox 208 3570 348 3638; x_wconf 87' lang='lat' dir='ltr'><strong>intrasse</strong></span> <span class='ocrx_word' id='word_1_165' title='bbox 366 3585 488 3663; x_wconf 88' lang='lat' dir='ltr'><strong>putes:</strong></span> <span class='ocrx_word' id='word_1_166' title='bbox 510 3567 638 3637; x_wconf 85' lang='lat' dir='ltr'><strong>fervent</strong></span> <span class='ocrx_word' id='word_1_167' title='bbox 654 3566 857 3637; x_wconf 86' lang='lat' dir='ltr'><strong>discursibus</strong></span> <span class='ocrx_word' id='word_1_168' title='bbox 871 3591 981 3648; x_wconf 85' lang='lat' dir='ltr'><strong>arces,</strong></span> 
     </span>
     <span class='ocr_line' id='line_1_28' title="bbox 63 3687 1010 3783; baseline -0.001 -27"><span class='ocrx_word' id='word_1_169' title='bbox 63 3687 250 3756; x_wconf 84' lang='lat' dir='ltr'><strong>Miscentur</strong></span> <span class='ocrx_word' id='word_1_170' title='bbox 265 3687 410 3759; x_wconf 88' lang='lat' dir='ltr'><strong>clamore</strong></span> <span class='ocrx_word' id='word_1_171' title='bbox 431 3692 490 3759; x_wconf 82' lang='lat' dir='ltr'><strong>viae</strong></span> <span class='ocrx_word' id='word_1_172' title='bbox 508 3715 516 3758; x_wconf 74' lang='grc' dir='ltr'><em>τ</em></span> <span class='ocrx_word' id='word_1_173' title='bbox 536 3688 662 3758; x_wconf 86' lang='lat' dir='ltr'><strong>ferrum</strong></span> <span class='ocrx_word' id='word_1_174' title='bbox 682 3689 847 3783; x_wconf 85' lang='lat' dir='ltr'><strong>undique,</strong></span> <span class='ocrx_word' id='word_1_175' title='bbox 867 3702 901 3757; x_wconf 89' lang='lat' dir='ltr'><strong>et</strong></span> <span class='ocrx_word' id='word_1_176' title='bbox 918 3689 1010 3782; x_wconf 82' lang='lat' dir='ltr'><strong>ignes</strong></span> 
     </span>
     <span class='ocr_line' id='line_1_29' title="bbox 60 3806 918 3905; baseline 0.002 -28"><span class='ocrx_word' id='word_1_177' title='bbox 60 3811 179 3878; x_wconf 88' lang='lat' dir='ltr'><strong>Mente</strong></span> <span class='ocrx_word' id='word_1_178' title='bbox 194 3806 308 3877; x_wconf 91' lang='lat' dir='ltr'><strong>vident</strong></span> <span class='ocrx_word' id='word_1_179' title='bbox 328 3836 452 3880; x_wconf 82' lang='lat' dir='ltr'><strong>:soevas</strong></span> <span class='ocrx_word' id='word_1_180' title='bbox 467 3826 578 3881; x_wconf 89' lang='lat' dir='ltr'><strong>mente</strong></span> <span class='ocrx_word' id='word_1_181' title='bbox 594 3836 752 3905; x_wconf 87' lang='lat' dir='ltr'><strong>accepere</strong></span> <span class='ocrx_word' id='word_1_182' title='bbox 773 3826 918 3880; x_wconf 87' lang='lat' dir='ltr'><strong>catenas.</strong></span> 
     </span>
     <span class='ocr_line' id='line_1_30' title="bbox 62 3931 958 4027; baseline 0 -27"><span class='ocrx_word' id='word_1_183' title='bbox 62 3932 256 4000; x_wconf 89' lang='lat' dir='ltr'><strong>Consumsit</strong></span> <span class='ocrx_word' id='word_1_184' title='bbox 275 3946 417 4001; x_wconf 83' lang='lat' dir='ltr'><strong>ventura</strong></span> <span class='ocrx_word' id='word_1_185' title='bbox 436 3933 537 4001; x_wconf 87' lang='lat' dir='ltr'><strong>timor</strong></span> <span class='ocrx_word' id='word_1_186' title='bbox 553 3957 562 4001; x_wconf 78' lang='lat' dir='ltr'><strong>t</strong></span> <span class='ocrx_word' id='word_1_187' title='bbox 578 3934 649 4027; x_wconf 85' lang='lat' dir='ltr'><strong>jam</strong></span> <span class='ocrx_word' id='word_1_188' title='bbox 666 3947 755 4003; x_wconf 90' lang='lat' dir='ltr'><strong>tecta</strong></span> <span class='ocrx_word' id='word_1_189' title='bbox 774 3931 958 4027; x_wconf 89' lang='lat' dir='ltr'><strong>replerant,</strong></span> 
     </span>
     <span class='ocr_line' id='line_1_31' title="bbox 62 4043 961 4149; baseline -0.001 -29"><span class='ocrx_word' id='word_1_190' title='bbox 62 4043 285 4149; x_wconf 84' lang='lat' dir='ltr'><strong>Templaque‚</strong></span> <span class='ocrx_word' id='word_1_191' title='bbox 303 4067 336 4122; x_wconf 88' lang='lat' dir='ltr'><strong>et</strong></span> <span class='ocrx_word' id='word_1_192' title='bbox 349 4053 487 4146; x_wconf 73' lang='lat' dir='ltr'><strong>ingrate</strong></span> <span class='ocrx_word' id='word_1_193' title='bbox 503 4052 670 4125; x_wconf 78' lang='lat' dir='ltr'><strong>vellantur</strong></span> <span class='ocrx_word' id='word_1_194' title='bbox 684 4051 873 4146; x_wconf 88' lang='lat' dir='ltr'><strong>planctibus</strong></span> <span class='ocrx_word' id='word_1_195' title='bbox 886 4077 961 4120; x_wconf 85' lang='lat' dir='ltr'><strong>arae.</strong></span> 
     </span>
    </p>
   </div>
   <div class='ocr_carea' id='block_1_3' title="bbox 0 0 1410 5258">
    <p class='ocr_par' dir='ltr' id='par_1_4' title="bbox 0 0 1410 5258">
     <span class='ocr_line' id='line_1_32' title="bbox 0 0 1410 5258; baseline 0 0"><span class='ocrx_word' id='word_1_196' title='bbox 0 0 1410 5258; x_wconf 95' lang='lat' dir='ltr'><strong> </strong></span> 
     </span>
    </p>
   </div>
  </div>
 </body>
</html>
