2812 5258
303 484 359 541 306
666 483 954 539 ADNOTATIONES

302 597 376 672 patri
390 614 491 651 munus
501 595 626 664 offerret,
637 612 724 668 quum
738 607 828 650 essent
842 596 947 670 fatigati
964 595 1241 669 certamine,rejccta
1250 610 1325 653 veste

303 689 448 743 mulierem
471 686 650 755 invenerunt3
668 697 695 741 et
713 705 800 758 quum
813 687 955 760 fugerent,
972 687 1096 741 revocati
1109 688 1146 741 ab
1165 705 1211 757 ea,
1224 688 1326 742 moniti

303 789 383 847 sunt,
397 787 429 833 nt
441 781 545 833 Patron
557 777 640 832 unice
648 777 784 833 Simerum
793 775 868 854 (cod.
878 773 1050 853 Smitroncm)
1059 777 1187 852 diligeret
1194 797 1323 851 puerum.

303 869 349 924 llli
361 888 424 942 quae
439 868 588 923 audierunt
605 868 720 924 Patroni
736 867 869 922 indicant
883 868 963 922 Tunc
980 870 1083 923 Patron
1101 867 1324 946 Simerum(cod.

305 957 462 1036 Sucronem)
474 978 529 1032 pro
549 979 600 1014 suo
616 958 675 1013 filio
696 958 784 1013 nimio
799 958 896 1013 dilexit
911 959 1027 1027 affeetu,
1043 958 1126 1032 eique
1142 957 1226 1014 liliam
1246 980 1325 1015 suam

305 1049 463 1105 ducendam
475 1049 578 1104 locavit
590 1068 714 1104 uxorem.
730 1050 779 1103 Illa
793 1068 881 1122 quum
894 1066 1038 1122 pregnans
1055 1065 1090 1103 ex
1108 1068 1142 1103 eo
1158 1060 1241 1118 esset,
1254 1049 1325 1104 vidit

303 1141 333 1195 in
345 1141 448 1196 somnis
460 1159 512 1213 per
530 1141 623 1195 fauces
636 1159 698 1196 suas
710 1139 838 1195 introisse
857 1141 944 1194 solem
956 1150 984 1194 et
1005 1138 1091 1194 exisse
1109 1159 1160 1212 per
1176 1151 1302 1195 ventrem
1318 1161 1324 1193 :

303 1230 394 1285 infans
412 1230 503 1286 editus
522 1230 587 1286 idco
607 1232 748 1286 Branchus
762 1241 876 1285 vocatus
895 1241 949 1298 est,
968 1231 1034 1302 quia
1058 1241 1146 1285 mater
1162 1249 1213 1311 per
1233 1231 1325 1285 lauces

304 1319 315 1394 (
323 1319 439 1399 βράγχια)
453 1320 505 1376 sibi
519 1321 626 1376 viderat
639 1333 749 1375 uterum
763 1331 928 1393 penetrasse.
943 1319 995 1374 Hie
1011 1338 1099 1392 quum
1116 1321 1145 1374 in
1159 1320 1233 1375 silvis
1249 1317 1324 1396 (cod.

305 1411 338 1464 ui
355 1409 502 1489 maroilum)
524 1411 682 1482 Apollinem
704 1413 843 1466 osculatus
863 1410 971 1477 fuisset,
996 1413 1213 1483 comprehensus
1229 1421 1271 1465 est
1288 1412 1324 1465 ab

306 1519 341 1555 eo
360 1511 388 1555 et
404 1511 517 1573 accepta
532 1520 636 1556 corona
658 1501 793 1575 virgaque
809 1499 952 1554 vaticinari
973 1501 1072 1573 coepit,
1095 1511 1122 1556 et
1139 1501 1233 1555 subito
1253 1520 1322 1555 nus-

308 1608 393 1663 quam
414 1591 577 1664 comparuit„
598 1591 745 1663 Templum
765 1590 790 1645 ei
813 1591 987 1661 factumest,
1009 1591 1087 1664 quod
1106 1594 1246 1668 maffeius
1266 1610 1322 1645 no-

305 1680 427 1735 minatur
446 1700 452 1734 :
475 1691 502 1734 et
520 1681 645 1753 Apollini
663 1681 782 1736 Philesio
799 1679 836 1756 (v.
858 1684 980 1736 Macros
996 1723 1004 1750 ‚
1019 1683 1091 1746 Sat,
1110 1701 1135 1749 r,
1158 1700 1201 1751 17,
1221 1700 1249 1753 p.
1268 1683 1323 1736 232

305 1770 398 1846 Pont.)
413 1772 519 1844 pariter
531 1783 691 1828 consecrata
703 1783 769 1827 sunt
782 1775 897 1844 templa,
912 1792 974 1846 quse
983 1773 1018 1828 ab
1032 1776 1128 1828 osculo
1141 1773 1261 1828 Branchi
1269 1772 1325 1828 sive

306 1863 454 1917 certamine
467 1881 637 1935 puerorum,
656 1863 771 1919 Philesia
785 1875 991 1936 nuncupantur.
1002 1889 1014 1913 ι

344 1954 427 2007 Pana
445 1950 483 2030 (v.
503 1953 577 2031 uso).
599 1958 678 2010 «Pan
696 1957 772 2028 apud
792 1957 865 2011 Pisas
886 1956 1004 2010 rusticos
1020 1956 1132 2010 numine
1150 1974 1202 2011 suo
1218 1957 1326 2028 replere

306 2048 390 2114 solet,
408 2045 511 2119 datque
526 2051 637 2103 oracula
651 2049 701 2121 qui
714 2049 846 2120 impletur
863 2048 927 2102 deo.
943 2072 954 2095 ι
968 2048 1054 2101 Lucu.

346 2138 433 2191 Notos
454 2135 489 2210 (v.
506 2135 582 2213 486).
603 2164 615 2187 α
632 2139 674 2194 Ad
691 2139 834 2194 meridiem
851 2138 923 2193 euim
939 2157 1029 2213 augur
1048 2155 1179 2192 romanus
1196 2139 1326 2193 obtutum

310 2227 480 2303 dirigebat.»
494 2231 576 2284 Wnn.
596 2233 673 2299 Post,
686 2250 712 2284 v.
730 2238 795 2303 497,
808 2232 880 2284 Dan.
899 2229 1005 2284 Heinsii
1024 2227 1107 2282 codd.
1128 2239 1156 2283 et
1174 2248 1184 2282 ι
1207 2230 1325 2284 llehot:

309 2321 453 2374 «membra
466 2322 539 2375 levat
552 2323 681 2392 scopulo,
695 2347 706 2371 ι
719 2341 774 2393 pro
788 2345 803 2371 α
812 2323 899 2387 locat,
912 2344 923 2366 ι·
942 2335 1095 2392 perperam.

348 2412 411 2465 Non
429 2413 505 2465 uenit
521 2413 642 2483 auguriis
662 2415 760 2466 tuelror
776 2432 785 2464 :
799 2412 866 2483 quin
879 2413 970 2464 uultur
981 2408 1017 2485 (v.
1041 2407 1117 2484 508).
1138 2409 1229 2465 Codd.
1249 2411 1324 2463 anti-

311 2501 424 2574 quiores
441 2511 468 2555 et
477 2500 617 2555 Barthiani
636 2519 731 2555 omnes
744 2520 827 2574 quam
841 2519 894 2573 pro
904 2502 984 2574 quin,⁸
997 2512 1025 2555 et
1039 2501 1130 2572 major
1142 2499 1282 2555 distinctio
1296 2500 1324 2553 in

306 2593 423 2665 praeced.
442 2612 468 2647 v.
489 2591 544 2646 fine
561 2592 701 2664 ponenda.
722 2594 821 2664 Neque
839 2592 984 2647 offendere
1002 2592 1086 2648 debet
1102 2592 1241 2658 vultures,
1263 2594 1325 2646 Ro-

309 2685 385 2737 mulo
404 2684 558 2759 benignos,
575 2684 619 2738 hic
639 2683 712 2738 inter
733 2684 797 2737 mali
819 2683 919 2736 ominis
940 2701 1003 2737 nvcs
1022 2681 1168 2737 numerari.
1187 2682 1325 2737 Glossaria

309 2775 387 2829 MSS.
401 2774 575 2831 bibliothecae
588 2776 681 2850 Regiae
696 2796 702 2830 :
718 2776 872 2829 «Vultures
887 2784 952 2829 sunt
966 2774 1093 2846 quadam
1112 2791 1210 2846 magna
1224 2775 1325 2828 voluti-

308 2864 358 2934 lia,
372 2884 435 2938 quae
452 2877 570 2920 mortem
584 2867 728 2921 hominum
745 2865 830 2941 signis
844 2864 1012 2938 quibusdam
1030 2864 1158 2918 nuntiare
1170 2882 1322 2918 consuevc-
1396 2876 1399 2883 ·

308 2965 382 3009 runt.
395 2956 460 3022 Quo
476 2956 580 3010 indicio
589 2957 657 3011 dicti
669 2955 702 3032 (l.
717 2953 806 3033 ducti)
820 2967 903 3028 atque
917 2954 1042 3010 instructi
1055 2964 1134 3008 sunt:
1149 2973 1238 3026 quum
1253 2955 1326 3008 enim

308 3044 412 3100 bellum
425 3046 603 3120 lacrymabile
620 3048 692 3102 inter
706 3067 734 3102 se
752 3047 873 3102 adversae
886 3046 958 3100 acies
975 3044 1131 3110 instruunt,
1144 3045 1233 3097 multo
1250 3062 1325 3115 prae-

308 3136 388 3191 dictae
400 3140 527 3193 volueres
536 3150 692 3212 sequuntur
698 3139 820 3213 agmine,
829 3148 857 3192 et
869 3156 903 3192 eo
912 3134 1081 3211 significant,
1090 3135 1170 3208 quod
1176 3136 1327 3190 multitudo

307 3228 452 3284 hominum
465 3249 532 3284 cura
545 3231 592 3298 sit,
610 3232 684 3286 bello
698 3230 810 3285 finitura
823 3228 856 3307 (l.
871 3226 975 3301 sutura)
990 3227 1083 3300 praeda
1095 3226 1212 3281 vulturis
1227 3245 1233 3279 :
1247 3227 1327 3299 quod

308 3318 407 3390 utique
420 3338 455 3374 ex
474 3320 517 3375 his
532 3321 623 3392 specie
642 3320 832 3375 instructionis
849 3320 975 3374 humanu
994 3318 1113 3390 quadum
1129 3318 1259 3373 ridentur
1277 3337 1326 3373 ra-

309 3406 385 3461 tione
397 3408 560 3481 colligere.»
578 3410 720 3481 Accipiter
733 3420 824 3464 autem
844 3418 928 3463 notus
941 3410 1005 3463 mali
1024 3408 1136 3476 ominis,
1150 3411 1192 3463 vel
1207 3428 1241 3463 ex
1255 3409 1327 3464 ovi-

309 3498 372 3567 dio,
389 3504 446 3553 Act.
460 3517 499 3567 ιι,
518 3507 593 3568 147:

413 3625 513 3673 Odimus
525 3625 672 3691 accipitrem,
683 3626 738 3690 quia
750 3642 841 3692 super
855 3626 912 3676 sirit
925 3626 950 3675 in
963 3627 1040 3676 ιιιιιίε.

348 3748 463 3800 Auditus
476 3748 579 3801 Iasone
595 3748 714 3821 Mopsus
728 3746 765 3823 (v.
782 3746 856 3824 521).
871 3751 1017 3804 Structura
1030 3767 1087 3803 non
1107 3747 1204 3816 latina,
1219 3745 1254 3801 de
1272 3764 1328 3818 qua

309 3839 337 3893 in
352 3856 462 3893 omnem
475 3848 583 3911 partem
597 3839 773 3910 disputarunt
789 3839 865 3895 docti
879 3842 914 3895 ad
930 3843 1041 3909 Horat,
1059 3841 1111 3894 od.
1131 3859 1157 3906 ι,
1171 3838 1202 3906 6,
1217 3856 1233 3892 a
1248 3856 1255 3889 ε

448 3982 562 4032 scriberis
574 3984 645 4032 Vario
659 3983 724 4033 fortis
725 4020 816 4034 .....

451 4101 529 4116 .....
537 4066 632 4116 Muouii
647 4067 754 4117 carminis
766 4067 828 4116 alite.
