2812 5258
276 405 332 458 216
575 401 782 457 THEBAlDOS
804 401 914 456 LIBER
935 401 984 455 xl.
1193 401 1307 464 (vum.)

276 531 417 613 Ductor,
435 526 522 594 etad
541 526 639 594 lituos
657 523 813 608 hilarem,
831 524 1062 617 trepidumque
1079 523 1234 591 tubarum

275 646 502 741 Prospiciebat
516 669 657 737 equum;
678 645 787 713 subito
807 669 909 737 quum
930 645 1083 737 apparuit
1103 645 1217 736 ingens

276 768 395 849 Mater,
415 768 532 858 etipse
547 778 656 850 metu,
675 763 900 857 famulumque
920 761 1077 857 expalluit
1096 766 1203 832 omnis

276 888 404 971 Coetus,
420 899 453 953 et
468 882 612 954 oblatam
630 898 719 952 retro
739 884 831 953 dedit
848 884 990 978 armiger
1007 884 1145 952 hastam.

324 1035 341 1068 a
358 1006 443 1091 Quis
461 1003 575 1072 furor?
593 1003 680 1072 unde
699 1005 817 1072 iterum
835 1005 929 1097 regni
950 1005 1111 1097 integrata
1132 1006 1272 1097 resurgit

275 1124 451 1193 Eumenis?
467 1126 530 1217 ipsi
546 1127 644 1192 etiam
661 1139 736 1218 post
753 1126 881 1210 omnia,
899 1124 1050 1193 cominus
1069 1125 1131 1217 ipsi

276 1241 432 1311 stabitis?
452 1268 556 1335 usque
573 1242 655 1313 adeo
676 1245 824 1338 geminas
840 1244 971 1313 duxisse
985 1243 1153 1326 cobortes,

276 1364 318 1431 Et
339 1362 467 1432 facinus
487 1364 658 1433 mandasse
678 1389 794 1458 parum
816 1364 887 1433 est?
904 1388 972 1457 quo
992 1360 1110 1430 deinde
1127 1361 1248 1430 redibit

179 1496 187 1511 '
275 1482 418 1551 Victor?
437 1486 469 1551 in
489 1485 593 1553 hosne
614 1485 729 1553 sinus?
748 1510 768 1552 o
786 1483 850 1552 diri
867 1485 1018 1577 conjugis
1037 1479 1116 1550 olim

276 1602 399 1671 Felices
418 1599 577 1673 tenebrae!
598 1602 700 1690 dat‘n,
717 1603 867 1698 improba
888 1601 1033 1691 lumina,
1053 1626 1175 1694 poenas.

277 1726 354 1790 Haec
374 1721 552 1813 spectanda
572 1721 663 1790 dies?
683 1746 769 1815 quo,
788 1747 890 1809 saeve,
909 1722 1069 1795 minantia
1086 1721 1189 1791 flectis

278 1839 370 1910 Ora?
388 1840 469 1934 quid
484 1840 628 1911 alternos
648 1838 759 1910 vultus
779 1840 949 1934 pallorque
968 1840 1136 1934 ruborque

278 1960 414 2029 Mutat?
433 1976 466 2030 et
486 1962 599 2030 obnixi
620 1961 778 2057 frangunt
795 1961 880 2031 mala
898 1986 1069 2031 murmura
1087 1961 1220 2031 dentes?

279 2084 335 2149 Me
350 2083 501 2151 miseram
516 2079 642 2152 vinces!
659 2084 751 2177 prius
767 2083 836 2153 haec
853 2099 963 2152 tamen
983 2108 1076 2153 arma
1091 2106 1220 2153 necesse
1234 2097 1284 2150 est

277 2204 456 2294 Experiare
474 2201 565 2270 domi
581 2230 589 2272 ε
605 2203 698 2271 stabo
714 2205 785 2298 ipsa
806 2204 840 2271 in
859 2200 972 2272 limine
990 2219 1093 2298 portae

278 2323 469 2414 Auspicium
491 2321 622 2405 infelix,
638 2321 862 2414 scelerumque
882 2324 1035 2391 immanis
1053 2324 1173 2416 imago.

278 2447 356 2511 llaec
374 2442 434 2510 tibi
455 2443 607 2527 canities,
628 2442 696 2508 hac
715 2455 794 2508 sunt
812 2438 988 2524 calcanda,
1008 2441 1184 2527 nefande,-

280 2562 411 2650 Ubera,
426 2584 550 2653 perque
569 2574 700 2628 uterum
717 2559 847 2654 sonipes
863 2560 918 2629 hic
934 2561 1047 2629 matris
1065 2544 1220 2654 agendus.

280 2686 381 2750 Parce
400 2707 408 2748 z
427 2678 507 2773 quid
525 2681 711 2775 oppositam
728 2678 848 2774 capulo
866 2704 1043 2776 parmaque
1059 2678 1213 2774 repellis?

281 2804 358 2870 Non
378 2826 440 2895 ego
458 2816 491 2870 te
508 2815 624 2870 contra
641 2803 760 2897 Stygiis
780 2799 890 2871 feralia
911 2802 1002 2871 sanxi

282 2924 368 2990 Vota
388 2922 488 3005 Deis,
507 2945 593 2990 caeco
612 2947 672 2991 nec
690 2924 851 3015 Erinnyas
870 2946 927 2990 ore
946 2925 1069 3016 rogavi.

282 3040 409 3110 Exaudi
429 3043 607 3110 miseram:
626 3043 770 3135 genitrix
789 3056 838 3128 te,
855 3065 956 3129 saeve,
976 3058 1141 3135 precatur,

282 3162 360 3228 Non
379 3174 492 3252 pater:
509 3159 593 3228 adde
609 3183 736 3228 moram
752 3157 882 3247 sceleri,
898 3175 931 3229 et
947 3165 1078 3251 metire,
1093 3164 1184 3256 quod
1198 3165 1310 3234 audes.

282 3280 346 3348 Sed
366 3279 476 3374 pulsat
492 3305 602 3349 muros
619 3304 813 3374 germanus,
830 3295 863 3348 et
885 3283 986 3375 impia
1004 3299 1118 3354 contra

283 3398 371 3467 bella
388 3399 474 3467 ciet?
491 3423 557 3467 non
577 3413 681 3465 mater
696 3400 802 3486 enim,
822 3425 889 3468 non
904 3403 1013 3473 obstat
1029 3407 1120 3473 eunti

283 3517 360 3585 Ulla
375 3540 491 3585 soror:
511 3531 541 3583 te
558 3530 677 3583 cuncta
692 3531 832 3610 rogant,
846 3520 901 3589 bic
918 3522 1105 3616 plangimus
1120 3549 1244 3594 omnes.

283 3643 343 3703 Ast
361 3635 407 3702 ibi
425 3637 479 3702 vix
500 3660 585 3703 unus
604 3659 732 3730 pugnas
749 3635 916 3707 dissuadet
933 3641 1113 3721 Adrastus,

282 3759 349 3823 Aut
367 3753 503 3822 sortasse
519 3754 639 3845 jubet:
658 3769 693 3823 tu
714 3753 829 3825 limina
848 3761 935 3827 avita
952 3764 1105 3855 Deosque

283 3876 437 3966 Linquis,
455 3890 487 3942 et
504 3898 524 3942 a
542 3875 661 3942 nostris
679 3876 712 3942 in
733 3876 867 3946 fratrem
883 3879 1088 3974 amplexibus
1105 3887 1192 3953 exis?
1206 3916 1220 3949 »

331 4003 373 4062 nt
394 4008 487 4086 parte
503 4018 543 4061 ex
563 3992 626 4062 alia
648 3996 763 4064 tacitos
783 3997 934 4069 obstante
953 4001 1096 4071 tumultu
