2812 5258
299 478 353 546 'm
374 494 403 546 r.
425 493 453 544 r.
475 492 597 545 srsrn
618 492 721 546 runa.
743 495 811 547 nro.
834 496 884 550 111.
1052 496 1107 552 305

89 610 188 683 optimi
208 609 250 664 sui
268 607 416 662 lectionem
421 607 524 676 fremit
528 605 578 723 qe.
600 608 651 679 gt,
670 607 738 660 alios
756 610 847 683 legere
860 608 962 688 furit);
983 623 1009 665 et
1033 613 1106 668 sica

89 700 292 775 Regg.,prior
308 715 441 753 oseem.
819 751 821 762 ,

129 791 221 845 Multa
239 808 326 862 super
343 789 416 843 bello
435 787 595 860 generisque
621 802 638 842 t.
659 810 755 845 umens
774 791 811 866 (v.
833 790 908 868 443).
931 793 995 847 Haee
1017 811 1108 867 neque

88 883 161 937 bene
175 881 240 936 satis
253 879 400 946 dicuntur,
415 896 506 950 neque
520 896 583 931 curn
597 892 689 935 mente
702 882 814 938 Adrasti
833 883 960 955 superius
979 901 1108 956 expressa

89 971 266 1028 conveniunt.
293 969 349 1025 Sed
370 969 398 1022 in
424 979 482 1039 opt.
506 967 569 1023 cod.
591 970 694 1026 Barthii
716 991 732 1027 n
753 974 842 1046 prima
861 992 945 1028 manu
967 974 1109 1047 legebatur

88 1081 194 1131 renus,
216 1082 240 1117 c.
263 1064 336 1134 expl.
351 1061 532 1133 «cogitans»,
545 1061 563 1113 i.
583 1080 606 1114 e.
626 1063 752 1129 iterem,
771 1065 853 1138 quod
875 1064 976 1119 rectius
993 1082 1025 1119 ac
1043 1065 1107 1120 sort.

87 1172 193 1209 verum.
213 1154 344 1226 Optimus
360 1152 496 1207 Gronovii
517 1171 524 1204 :
545 1152 661 1221 oojour,
679 1156 753 1210 unde
768 1156 886 1227 conjecit
899 1175 1005 1229 origem
1018 1175 1055 1211 sc.
1070 1175 1106 1212 se.

88 1244 197 1300 Deinde
209 1264 236 1299 v.
252 1243 307 1310 445
317 1240 479 1298 Wakefield.
488 1243 524 1297 ad
538 1244 665 1312 Lucret.‚
680 1247 815 1316 rrr‚88r‚
828 1248 961 1301 mentr'bus
974 1266 1028 1319 pro
1040 1268 1106 1321 geo-

88 1335 168 1389 tibus.
192 1366 220 1376 -
233 1337 326 1390 Versu
345 1332 400 1399 448
405 1332 489 1405 flecti
502 1344 542 1387 est
555 1351 608 1405 pro
623 1333 746 1406 deflecti,
762 1348 789 1392 et
805 1356 830 1391 v.
847 1336 900 1403 454
920 1355 954 1390 ex
975 1339 1104 1411 sequenti

89 1427 194 1500 largius
211 1425 399 1499 supplendum
414 1425 504 1496 magis
517 1425 552 1479 ad
567 1426 653 1480 verba
665 1429 711 1480 cui
722 1429 820 1482 deuter
836 1431 948 1501 Apollo.

127 1519 295 1590 Aphesanta
312 1516 351 1594 (v.
366 1514 440 1590 461).
456 1518 560 1570 «Mons
573 1527 614 1569 est
628 1519 715 1572 Tarso
733 1518 849 1585 Cilicia,
863 1519 938 1573 unde
953 1538 980 1574 se
994 1523 1107 1575 Perseus

87 1608 213 1664 emiserat
226 1609 263 1664 ad
272 1609 439 1676 volandum,
454 1625 542 1679 quum
552 1606 588 1661 ad
601 1607 813 1680 extinguendam
827 1612 987 1684 Gorgonem
1001 1609 1107 1682 Libyen

86 1710 210 1770 peteret;
226 1709 275 1759 ἀπὸ
288 1714 330 1758 τοῦ
344 1708 439 1774 ἀφιέναι
452 1697 611 1768 Aphesanta
626 1717 727 1753 nomen
742 1700 855 1772 accepit.
873 1725 884 1749 s
900 1702 999 1768 Lacu,
1014 1719 1029 1754 e
1042 1699 1105 1754 cod.

88 1788 171 1843 Paris.
185 1789 293 1843 emend.
307 1788 388 1843 Adde
400 1806 464 1841 eum
478 1787 547 1841 adv.
556 1787 620 1842 633.
637 1791 829 1844 Memorabilia
842 1792 899 1844 huc
913 1792 950 1844 ob
964 1790 1106 1846 historiam

88 1879 243 1934 fabularum
254 1879 289 1933 de
307 1882 406 1933 Perseo
424 1896 504 1950 :quae
513 1897 602 1951 quum
617 1881 814 1953 antiquissimis
828 1882 1002 1953 temporibus
1014 1882 1106 1936 sedem

88 1971 222 2026 haberent
232 1971 300 2024 citra
314 1969 406 2024 Asiam
418 1970 573 2036 Minorem,
590 1970 690 2024 sensim
712 1983 824 2025 remotae
842 1984 906 2027 sunt
923 1973 951 2026 in
964 1973 1106 2027 Orientem

88 2081 178 2135 usque
192 2062 228 2116 ad
242 2065 337 2116 Persas
350 2062 461 2115 ultimos
477 2081 482 2112 :
503 2079 537 2114 ex
554 2061 606 2115 hac
622 2060 707 2136 igitur
720 2080 798 2134 paene
813 2063 930 2119 dixerim
947 2066 1106 2138 mythorum

87 2153 310 2226 peregrinatione
328 2151 489 2206 Lactantius
503 2169 562 2205 eam
581 2151 702 2206 fabulam
723 2154 858 2222 servavit,
877 2173 959 2227 quarn
979 2173 1023 2208 sne
1042 2154 1107 2209 alibi

87 2245 178 2318 legere
193 2263 250 2298 non
264 2242 384 2297 memini.
406 2245 512 2296 Verum
526 2254 642 2314 apparet
658 2244 759 2298 Ciliciae
772 2244 912 2316 regionem
925 2247 953 2299 h.
964 2248 981 2299 l.
995 2265 1011 2299 a
1024 2257 1106 2317 poeta

88 2335 235 2388 memorari
245 2353 302 2388 non
315 2332 439 2406 potuisse
456 2353 462 2386 :
480 2332 565 2387 immo
585 2333 748 2406 intelligitur
761 2335 859 2401 Ᾰπίσας
873 2344 921 2412 ὄρος
938 2352 979 2403 τῆς
991 2347 1102 2413 Nuptae,

86 2436 117 2479 ut
130 2426 169 2479 ait
190 2427 285 2499 Steph.
308 2428 389 2499 Byr,
410 2443 494 2497 quern
508 2425 571 2479 vide
585 2443 649 2479 cum
663 2436 733 2479 nott.
755 2426 875 2498 interpp.
897 2438 925 2481 et
941 2446 1013 2500 quos
1027 2428 1105 2482 addit

87 2516 203 2572 Siebelis
217 2517 253 2571 ad
270 2519 401 2584 Pansam,
415 2517 470 2569 vol.
484 2534 511 2584 r,
524 2534 553 2588 p.
571 2517 633 2588 198.

125 2610 265 2663 Nilrucum
284 2626 370 2682 pecus
389 2605 425 2682 (v.
442 2605 518 2681 478),
533 2607 629 2679 «Apin
645 2607 724 2675 dicit,
746 2618 856 2661 taurum
872 2610 996 2662 lunatum
1015 2608 1106 2675 isidis,

87 2700 136 2772 qui
149 2701 287 2774 AEgyptiis
308 2709 387 2752 motu
402 2697 530 2770 corporis
544 2699 585 2752 sui
605 2709 633 2751 et
647 2698 814 2770 quibusdam
827 2698 911 2772 signis
924 2697 1017 2751 sutura
1030 2716 1102 2769 prae-

86 2791 183 2846 dieit.»
203 2794 288 2847 Lacr.
311 2791 394 2858 Plin.‚
421 2793 456 2844 H.
478 2792 528 2855 tt,
548 2809 619 2856 vui,
642 2791 676 2856 46
700 2809 706 2841 :
731 2791 894 2860 «Responsa
913 2787 1000 2860 privis
1021 2789 1069 2843 dat
1090 2808 1105 2843 e

87 2901 170 2936 manu
185 2882 388 2938 consulentiurn
409 2881 503 2935 cibum
524 2880 668 2952 capiendo.
688 2879 846 2933 Germanici
865 2879 976 2934 Caesaris
992 2897 1104 2933 manum

88 2983 225 3027 aversatus
234 2984 290 3043 est,
303 2973 379 3028 haud
391 2974 482 3026 multo
496 2983 591 3044 postea
606 2970 741 3025 exstincti.
753 2996 764 3018 ιι
774 3002 813 3012 -
824 2970 973 3042 Potrioque
986 2971 1105 3042 ‹equulis

88 3062 192 3116 horrori.
214 3063 387 3118 Praeicrenda
412 3083 474 3117 curn
498 3065 586 3118 Gron.
610 3063 693 3116 lectio
713 3061 849 3116 Lactantii
876 3060 912 3115 ad
925 3079 1000 3129 vtrr,
1026 3061 1080 3132 198
1097 3080 1104 3112 t

88 3177 99 3200 a
115 3165 245 3226 aquatus.
256 3179 268 3202 υ
283 3155 326 3209 Sic
341 3156 414 3209 enim
432 3155 472 3209 ibi
486 3155 645 3209 scholiastes
661 3174 667 3206 :
689 3154 854 3208 «Branchus
869 3151 1003 3224 Apollinis
1017 3161 1057 3205 est
1070 3148 1105 3203 fi-

87 3244 152 3313 lius,
165 3257 193 3300 et
211 3247 268 3318 ipse
285 3246 442 3302 futurorum
462 3246 643 3319 peritissimus
662 3246 739 3300 deus.
759 3247 797 3299 Ut
816 3245 874 3316 ipse
890 3242 977 3298 alibi:
993 3244 1105 3296 Patrio-

87 3355 139 3409 que
158 3348 283 3410 (equulus
302 3337 400 3391 honori
416 3338 570 3392 Branchus.
587 3362 598 3386 s
616 3335 724 3390 Deinde
744 3334 952 3389 memorabilem
971 3333 1105 3389 Varronis

87 3427 198 3498 subjicit
213 3429 320 3496 locum,
333 3446 390 3482 non
404 3430 494 3484 verbis
508 3429 622 3502 quidem
639 3427 739 3499 ipsius,
753 3425 801 3481 sed
816 3426 901 3480 rebus
913 3436 1004 3480 tamen
1021 3442 1055 3479 ex
1070 3442 1104 3479 eo

88 3520 186 3574 relatis.
214 3523 306 3586 Quem
327 3519 543 3575 emendatiorem
566 3539 580 3574 e
604 3520 666 3574 cod.
688 3520 772 3573 Paris.
793 3527 973 3589 praestamus:
989 3517 1104 3571 «Varro

88 3611 187 3663 Remos
200 3609 352 3662 dromonem
373 3608 408 3664 de
427 3611 553 3666 brancho
566 3611 605 3666 sic
624 3610 707 3665 refert
725 3629 731 3663 :
750 3610 820 3664 Olus
834 3607 964 3681 quidam,
980 3606 1104 3661 decimus

88 3702 122 3756 ab
136 3700 278 3772 Apolline,
291 3717 378 3773 quum
392 3700 421 3753 in
433 3703 654 3775 peregrinatione
663 3702 814 3775 pranderet
828 3700 857 3753 in
867 3700 947 3753 litore
957 3716 989 3752 ac
1002 3697 1104 3754 deinde

86 3792 317 3866 proficisceretur,
333 3790 435 3846 oblitus
454 3802 493 3846 est
512 3791 600 3848 filiurn
616 3794 730 3849 nomine
751 3792 896 3847 Simerum.
911 3789 961 3844 Ille
975 3788 1102 3860 pervenit

86 3882 115 3936 in
137 3885 235 3938 saltum
251 3883 378 3936 Patronis
392 3881 549 3952 cujusdam,
562 3895 589 3937 et
602 3903 690 3957 quum
699 3893 768 3938 esset
782 3892 926 3953 receptus,
943 3879 1028 3952 coepit
1042 3897 1104 3933 cum

87 3974 142 4030 suis
159 3974 253 4046 pueris
276 3991 371 4045 capras
389 3991 510 4045 pascere.
523 3974 682 4046 Aliquando
697 3974 907 4047 prehenderunt
922 3989 1055 4046 cygnum,
1078 3981 1105 4025 et

86 4061 164 4116 iilum
178 4075 253 4118 veste
271 4073 485 4137 cooperuerunt.
501 4065 536 4120 Et
553 4064 625 4135 jam,
642 4066 712 4121 dum
729 4064 782 4137 ipsi
795 4072 934 4136 puguant,
948 4070 1010 4115 uter
1028 4060 1104 4113 illurn

231 4184 253 4228 1.
946 4183 990 4227 20
