2812 5258
309 466 360 518 ις,
622 445 836 501 ruramuos
859 444 970 499 nisan
993 444 1017 497 1.
1240 445 1277 509 (v.
1290 447 1350 509 ω.)

304 576 478 669 Unguibus
492 568 633 671 airripui,
665 573 813 664 votisque
829 571 983 639 instincta
1002 571 1148 662 paternis

304 694 319 757 l
340 688 448 757 media
466 690 499 757 in
515 692 647 777 fratres,
665 691 793 783 generis
807 690 973 760 consortia
990 687 1077 757 ferro

304 806 474 878 Dissiliaut
489 834 497 877 :
512 809 554 878 da
571 811 717 877 Tartarei
734 810 849 903 regina
867 809 1014 877 barathri

305 928 405 1016 Quod
425 931 555 1023 cupiam
573 928 690 998 vidisse
708 927 797 997 nefas
811 953 891 996 :nec
909 927 1003 995 tarda
1020 941 1177 1019 sequetur

305 1051 400 1117 Mens
411 1051 589 1141 juvenum,
607 1048 704 1117 modo
720 1047 820 1141 digna
835 1047 927 1133 veni,
940 1071 1012 1115 mea
1026 1048 1165 1140 pignora
1182 1070 1336 1118 nosces»

353 1168 446 1237 Talia
460 1170 598 1261 jactanti
617 1166 758 1237 crudelis
774 1169 861 1236 Dira
881 1191 1008 1235 severos

304 1288 456 1357 Advertit
472 1287 583 1357 vultus
599 1314 607 1356 ε
625 1289 826 1355 inamoenum
842 1286 927 1355 sorte
943 1287 1077 1355 sedebat

306 1410 453 1500 Cocyton
471 1408 584 1500 juxta,
600 1405 809 1498 resolutaque
825 1407 947 1474 vertice
964 1407 1086 1492 crines,

305 1528 466 1596 Lambere
484 1526 644 1595 sulfureas
663 1527 854 1619 permiserat
871 1524 1033 1618 anguibus
1052 1522 1168 1593 undas.

306 1644 397 1714 Ilicet
413 1649 488 1741 igne
501 1649 608 1731 lovis,
627 1645 790 1740 lapsisque
805 1647 936 1713 citatior
950 1646 1046 1713 astris

305 1765 466 1835 Tristibus
485 1765 616 1835 exsiluit
630 1767 720 1859 ripis.
738 1765 884 1834 Discedit
903 1767 1002 1833 inane

305 1884 450 1979 Vulgus,
466 1900 500 1955 et
520 1910 675 1955 occursus
689 1884 830 1954 dominae
848 1899 955 1977 pavet.
975 1883 1036 1954 Illa
1055 1907 1115 1977 per
1130 1884 1267 1954 umbras

306 2010 350 2075 Et
364 2004 541 2099 caligantes
558 2006 742 2074 animarum
760 2006 910 2072 examine
925 2028 1075 2097 campos,

306 2126 460 2193 Taenariae
480 2123 579 2193 limen
599 2126 682 2218 petit
700 2122 904 2192 irremeabile
923 2138 1037 2217 portae.

356 2246 464 2312 Sensit
483 2243 595 2313 adesse
613 2244 704 2313 dies:
721 2246 814 2337 piceo
829 2268 896 2312 nox
912 2243 1010 2312 obvia
1026 2243 1139 2312 nimbo

308 2369 469 2434 Lucentcs
487 2365 633 2431 turbavit
652 2387 765 2455 equos.
785 2360 906 2432 Procul
924 2362 1047 2431 arduus
1062 2360 1155 2432 Atlas

307 2485 463 2567 Horruit,
481 2497 514 2551 ct
529 2482 630 2550 dubia
649 2480 769 2550 coelum
785 2484 910 2551 cervice
924 2484 1059 2552 remisit

305 2605 432 2697 Arripit
451 2599 614 2698 extemplo
632 2599 749 2670 Maleae
767 2601 809 2670 de
825 2600 911 2670 valle
924 2626 1097 2697 resurgens

308 2727 434 2792 Notum
453 2724 515 2791 iter
532 2722 574 2790 ad
591 2721 719 2790 Thebas
734 2746 743 2789 ε
760 2746 867 2814 neque
884 2723 972 2791 enim
988 2719 1132 2791 velocior
1145 2722 1231 2796 ullas

305 2846 402 2935 Itque
420 2842 567 2934 reditque
580 2842 667 2927 vias,
684 2856 887 2936 cognataque
902 2844 1040 2911 Tartara
1055 2839 1190 2909 mavult.

307 2966 449 3029 Centum
470 2958 516 3028 illi
532 2975 655 3029 stantes
674 2960 871 3029 umbrabant
889 2985 947 3030 ora
966 2975 1116 3047 cerastae,

306 3081 417 3148 Turba
434 3082 542 3149 minor
558 3080 622 3149 diri
641 3082 756 3174 capitis
771 3106 779 3149 :
794 3080 884 3150 sedet
901 3083 990 3150 intus
1004 3081 1128 3148 abactis

307 3204 425 3269 Ferrea
443 3199 499 3270 lux
518 3201 642 3285 oculis;
661 3200 767 3295 qualis
785 3226 845 3295 per
859 3199 973 3269 nubila
987 3201 1124 3269 Phoebes

307 3322 441 3388 Atracia
459 3322 556 3390 rubet
575 3338 645 3390 arte
662 3321 777 3391 labor:
792 3322 918 3391 suffusa
935 3346 1061 3392 veneno

308 3438 481 3526 Tenditur,
500 3463 539 3507 ac
556 3443 646 3508 sanie
665 3440 770 3535 gliscit
786 3442 870 3509 cutis
886 3467 893 3507 ε
910 3442 1024 3535 igneus
1038 3456 1112 3509 atro

308 3559 375 3625 Ore
391 3582 512 3652 vapor,
532 3583 599 3649 quo
616 3556 716 3652 longa
734 3562 818 3647 sitis,
839 3561 1026 3654 morbique,
1043 3561 1229 3655 famesque,

307 3679 350 3744 Et
366 3675 496 3770 populis
515 3702 602 3746 mors
619 3703 685 3746 una
702 3682 801 3747 venit.
817 3682 917 3775 Riget
934 3682 1067 3750 horrida
1085 3696 1180 3775 tergo

309 3794 413 3880 Palla,
430 3811 463 3864 et
478 3796 610 3865 coerulei
628 3797 766 3867 redeunt
784 3801 816 3867 in
836 3815 968 3894 pectore
983 3800 1071 3870 nodi.

309 3919 450 4009 Atropos
468 3916 545 4001 hos,
565 3932 663 4008 atquc
680 3919 749 4011 ipsa
763 3933 863 3988 novat
882 3922 1080 4014 Proserpina
1095 3918 1216 3988 cultus.

308 4038 392 4103 Tum
410 4036 554 4129 geminas
572 4038 679 4128 quatit
694 4034 749 4105 illa
763 4062 880 4105 manus
894 4063 902 4105 ε
915 4039 986 4107 baec
1002 4041 1080 4133 igne
1094 4037 1200 4133 rogali
