2812 5258
192 388 230 456 tn
510 387 723 443 THEBMDOS
744 388 854 445 LIBER
876 390 925 443 vt.
1104 385 1232 453 taus)

192 517 232 579 ln
251 514 376 580 cineres
393 537 402 579 :
422 513 545 578 instant
562 510 721 598 llammis,
739 510 910 604 multoque
928 526 1086 603 soporant

193 634 303 701 lmbre
324 656 460 727 rogum,
482 634 589 725 posito
610 631 716 700 donec
735 657 810 700 cum
832 631 899 700 sole
912 632 1049 724 ‚labores

192 753 351 819 Exhausti
370 776 377 817 :
400 751 480 818 seris
497 752 551 818 vix
570 753 667 819 cessit
683 776 763 819 cura
782 752 934 820 tenebris.

240 869 383 939 Roscida
392 870 463 961 jam
479 872 593 939 novies
608 870 691 940 coelo
709 870 879 940 dimiserat
894 888 982 941 astra

190 990 340 1075 Lucifer,
359 1005 393 1059 et
410 989 547 1061 totidem
565 995 669 1060 Lunae
687 1007 894 1085 prevenerat
909 995 1001 1087 ignes

190 1114 321 1179 Mutato
338 1127 522 1180 nocturnus
538 1137 624 1205 equo
643 1139 650 1180 :
668 1136 729 1180 nec
745 1115 877 1181 conscia
894 1112 977 1181 fallit

190 1230 321 1316 Sidera,
341 1246 373 1300 et
389 1231 518 1301 alterno
535 1231 752 1326 deprenditur
767 1257 854 1300 nnus
872 1234 906 1300 in
920 1248 996 1300 ortu
1014 1259 1021 1299 :

189 1350 338 1443 (Mirum
352 1376 436 1446 opus
451 1352 648 1421 accelerasse
661 1351 802 1446 manus)
817 1367 881 1420 stat
896 1377 990 1422 saxea
1005 1352 1124 1440 moles,

188 1469 362 1564 Templum
377 1472 511 1564 ingens,
527 1472 646 1556 cineri,
663 1496 841 1563 rerumque
856 1472 993 1541 effectus
1009 1474 1042 1540 in
1062 1472 1118 1541 illo

189 1588 282 1659 Ordo
297 1590 391 1659 docet
407 1614 500 1658 casus
516 1616 523 1658 :
540 1590 631 1658 fessis
645 1591 699 1657 hic
713 1589 850 1657 flumina
864 1606 1027 1660 monstrat

188 1709 367 1802 Hypsipyle
383 1711 523 1796 Danais,
539 1711 593 1779 hic
607 1725 717 1804 reptat
730 1709 848 1777 flebilis
862 1710 987 1797 infans,

188 1831 250 1898 Hic
261 1831 364 1923 jacet,
379 1846 563 1900 extremum
581 1829 699 1899 tumuli
716 1830 840 1899 circum
857 1846 987 1924 asperat
1002 1833 1117 1901 orbem

188 1952 371 2043 Squameus
387 1977 394 2020 :
411 1967 577 2046 exspectes
590 1952 762 2020 morientis
774 1951 816 2018 ab
830 1975 887 2020 ore
901 1965 1038 2022 cruenta

190 2072 308 2162 Sibila,
327 2099 513 2143 marmorea
527 2077 573 2144 sic
589 2073 732 2143 volvitur
745 2076 863 2167 anguis
878 2076 912 2142 in
927 2075 1030 2143 hasta.

235 2198 374 2287 Jamque
389 2195 523 2263 avidum
539 2219 667 2289 pugnas
683 2193 807 2262 visendi
822 2192 941 2287 vulgus
955 2196 1097 2261 inermes

188 2316 287 2379 Fama
301 2328 397 2381 vocat
412 2339 420 2381 ε
436 2315 563 2382 cunctis
575 2315 664 2380 arvis
678 2336 716 2379 ac
729 2311 891 2378 moenibus
904 2311 1025 2379 adsunt

187 2433 313 2500 Ereiti:
330 2429 376 2498 illi
391 2433 506 2517 etiam,
521 2432 595 2524 quis
609 2428 686 2498 belli
701 2431 887 2523 incognitus
902 2431 1031 2511 horror,

187 2553 280 2640 Quos
293 2551 402 2620 elloeta
416 2550 523 2638 domi,
538 2574 621 2644 quos
636 2551 744 2645 prima
758 2547 937 2643 reliquerat
949 2565 1042 2639 aetas,

186 2674 397 2742 Conveniunt
412 2697 419 2738 :
436 2696 504 2741 non
517 2685 575 2740 aut
587 2671 752 2766 Ephyraeo
767 2673 800 2740 in
814 2669 910 2740 litore
925 2686 1017 2740 tanta

185 2797 359 2888 Unquam,
374 2809 432 2861 aut
445 2795 612 2864 OEnomai
626 2792 832 2861 fremuerunt
846 2792 978 2885 agmina
992 2794 1080 2860 circo

234 2912 383 2983 Collibus
398 2915 561 3000 incurvis,
576 2912 740 3006 viridique
755 2912 885 2979 obsessa
899 2936 1022 2979 corona

186 3035 289 3104 Vallis
302 3039 337 3102 in
352 3031 506 3127 amplexu
520 3056 694 3101 nemorum
707 3031 798 3099 sedet
811 3056 819 3097 τ
833 3030 962 3124 hispida
976 3033 1101 3100 circum

185 3160 281 3225 Stant
290 3155 386 3249 juga,
401 3167 433 3220 et
446 3152 594 3245 objectus
608 3151 746 3245 geminis
761 3150 961 3219 umbonibus
976 3177 1078 3245 agger

185 3279 348 3367 Campum
365 3275 453 3341 exire
473 3286 578 3358 vetat,
600 3269 700 3364 longo
718 3295 816 3362 quem
834 3272 968 3339 tramite
984 3270 1120 3363 planum

185 3396 371 3466 Gramineae
385 3393 532 3480 frondes,
546 3394 740 3484 sinuataque
755 3393 875 3485 cespite
890 3393 965 3458 vivo

183 3514 300 3585 Mollia
315 3539 382 3583 non
397 3514 514 3583 subitis
529 3527 652 3607 augent
666 3511 795 3607 fastigia
810 3511 913 3580 clivis.

232 3635 305 3704 Illic
319 3634 472 3721 conferti,
485 3634 555 3725 jam
570 3631 638 3701 sole
651 3620 847 3700 rubentibus
862 3633 963 3717 arvis,

183 3756 338 3828 Bellatrix
352 3754 464 3823 sedere
479 3755 598 3822 cohors
614 3780 622 3821 :
638 3754 684 3821 ibi
697 3779 837 3846 corpore
850 3756 954 3821 mixto

182 3880 293 3947 Metiri
308 3901 500 3962 numerum,
514 3874 707 3968 vultusque,
723 3875 921 3968 habitusque
935 3899 1087 3960 suorum,

182 3997 287 4068 Dulce
302 3999 398 4081 viris,
412 3997 561 4089 tantique
572 3997 668 4086 juvat
682 3994 804 4063 fiducia
818 3994 907 4063 belli.
