2812 5258
326 499 379 553 aot
628 488 834 542 russamos
855 484 965 539 ursan
986 482 1022 538 11.
1229 478 1263 537 o.
1277 476 1350 539 aas.)

326 610 452 695 Induit,
469 626 500 679 et
518 610 615 679 fallax
632 611 767 678 intravit
785 608 897 675 limina
913 610 1009 674 Juno.

324 733 436 822 Teque
454 732 570 817 etiam,
588 728 718 815 infelix,
740 727 927 820 perhibent,
944 728 1085 807 Jocasta,
1103 720 1263 788 decorum

326 848 507 915 Possedisse
523 847 635 915 nefas:
654 846 762 914 vultus
780 845 840 912 hac
856 841 953 911 laude
969 839 1114 922 colebas,

324 968 398 1033 Heu
416 965 550 1058 quibus,
566 966 632 1032 heu
646 963 803 1057 placitura
820 958 912 1030 toris!
932 972 1005 1053 post
1021 956 1149 1050 longior
1163 952 1258 1023 ordo.

325 1086 408 1150 Tum
426 1082 519 1150 donis
537 1083 635 1175 Argia
654 1082 756 1167 nitet,
772 1078 917 1171 vilesque
934 1078 1055 1145 sororis

325 1202 469 1268 Ornatus
486 1224 578 1267 sacro
597 1196 751 1291 praeculta
769 1198 957 1290 supervenit
973 1220 1063 1264 auro.

369 1317 505 1387 Viderat
523 1318 584 1384 hoc
601 1317 722 1408 conjux
738 1315 876 1409 perituri
894 1315 996 1400 vatis,
1014 1326 1049 1380 et
1066 1335 1138 1379 aras

326 1439 410 1504 Ante
426 1459 555 1522 omnes,
573 1434 749 1528 epulasque
767 1448 892 1501 trucem
911 1445 1035 1500 secreta
1055 1428 1217 1521 coquebat

327 1552 502 1638 Invidiam,
522 1554 612 1619 saevis
629 1552 725 1619 detur
741 1552 767 1618 si
787 1549 918 1642 quando
935 1550 1033 1641 potiri

326 1667 493 1754 Cultibus,
515 1670 580 1736 heu
599 1667 679 1736 nihil
698 1670 841 1761 auguriis
860 1667 970 1759 adjuta
992 1664 1195 1759 propinquis.

326 1788 418 1873 Quos
437 1800 529 1880 optat
545 1782 699 1879 gemitus!
721 1799 857 1878 quantas
874 1786 967 1879 cupit
985 1784 1085 1876 impia
1101 1778 1225 1850 clades!

327 1906 434 1998 Digna
451 1904 605 1997 quidem,
624 1903 680 1971 sed
694 1903 775 1996 quid
789 1907 898 1973 miseri
914 1905 1050 1996 decepta
1067 1900 1176 1969 mariti

327 2021 448 2094 Arma?
463 2022 541 2115 quid
559 2024 703 2094 insontes
718 2026 787 2094 nati
805 2047 954 2091 meruere
973 2017 1125 2089 furores?

373 2146 549 2235 Postquam
563 2141 687 2237 regales
703 2142 836 2237 epulas,
852 2157 886 2209 et
902 2137 1020 2234 gaudia
1034 2136 1123 2231 vulgi

327 2261 447 2329 Bisseni
466 2260 589 2329 clusere
607 2262 691 2349 dies,
708 2262 868 2331 Ismenius
884 2260 979 2326 heros

329 2380 503 2472 Respicere
521 2378 562 2446 ad
578 2381 720 2465 Thebas,
735 2383 868 2472 jamque
884 2392 917 2449 ot
934 2403 991 2449 sua
1008 2398 1154 2475 quaerere
1173 2400 1291 2473 regnu

329 2498 460 2590 Quippe
477 2497 622 2564 animum
640 2497 727 2564 subit
744 2495 799 2564 illa
812 2498 895 2584 dies,
912 2525 991 2590 qua,
1007 2512 1093 2568 sorte
1109 2498 1257 2591 benigna

329 2618 466 2705 Fratris,
485 2615 640 2683 Echionia
655 2628 791 2683 steterat
804 2618 950 2709 privatus
968 2620 1002 2685 in
1019 2616 1111 2687 aula:

328 2736 518 2827 Respiciens
536 2734 673 2803 descisse
694 2738 796 2820 Deos,
814 2735 1006 2828 trepidoque
1025 2733 1168 2805 tumultu

327 2851 479 2945 Dilapsos
495 2856 643 2940 comites,
666 2854 787 2922 nudum
810 2853 893 2923 latus
913 2879 1025 2939 omne,
1043 2853 1222 2947 fugamque

327 2976 502 3040 Fortunae:
523 2997 663 3061 namque
681 2999 746 3040 una
764 2999 856 3041 soror
874 2972 1053 3066 producere
1069 2971 1178 3039 tristes

326 3088 454 3159 Exsulis
471 3115 548 3159 ausa
565 3092 632 3158 vias
651 3117 658 3158 :
675 3093 773 3159 etiam
788 3092 873 3159 hanc
887 3093 920 3158 in
935 3090 1046 3159 limine
1061 3090 1168 3182 primo

326 3210 500 3299 Liquerat,
517 3223 550 3275 et
567 3233 682 3302 magna
702 3207 858 3301 lacrymas
876 3208 1050 3277 incluserat
1066 3209 1124 3275 ira.

326 3331 418 3394 Tunc
434 3351 515 3415 quos
531 3327 689 3395 excedens
707 3326 844 3413 hilares,
862 3328 935 3421 quis
953 3326 1060 3396 cultus
1076 3326 1182 3419 iniqui

326 3446 513 3534 Praecipuus
534 3443 645 3530 ducis,
664 3460 697 3512 et
714 3447 851 3539 profugo
868 3471 949 3537 quos
968 3447 1036 3538 ipse
1054 3458 1184 3513 notarat

327 3563 526 3656 Ingemuisse
543 3562 620 3643 sibi,
640 3587 699 3654 pcr
719 3578 867 3648 noctem,
887 3589 925 3631 ac
945 3563 1018 3631 luce
1036 3566 1095 3633 suh
1113 3566 1207 3633 omni

327 3681 453 3772 Digerit
471 3705 478 3746 :
495 3679 630 3747 eredere
651 3684 798 3747 animum
816 3680 909 3749 dolor
924 3684 1037 3776 iraque
1056 3685 1207 3767 demens,

328 3803 384 3884 Et,
403 3822 466 3890 qua
484 3823 549 3865 non
569 3798 698 3890 gravior
715 3798 906 3867 mortalibus
923 3801 1033 3870 addita
1051 3827 1152 3891 curo,

328 3920 423 4010 Spes,
440 3915 494 3983 ubi
513 3915 608 4008 longa
625 3917 714 3983 venit
729 3914 847 3985 :talem
867 3920 927 3986 sub
945 3935 1075 4012 pectore
1090 3920 1213 3990 nubem

328 4032 471 4102 Consilio
487 4032 635 4120 volvens,
654 4036 792 4122 Dircen,
811 4037 992 4131 Cadmique
1011 4051 1143 4130 negatas
