2812 5258
218 440 277 496 ιε,
528 434 739 491 runnamos
758 434 866 489 unna
885 433 954 489 xn.
1142 432 1262 497 (ms.)

217 565 365 650 Sunion,
383 561 472 632 unde
487 561 562 654 vagi
579 583 734 627 casurum
754 561 788 626 in
807 558 942 627 nomina
959 557 1052 649 ponti

219 686 351 755 Cressia
369 683 499 775 decepit
517 677 600 748 falso
618 680 699 747 ratis
719 681 820 772 AEgea
840 674 924 745 velo.

182 872 186 879 .
218 808 289 877 Hos
305 801 443 872 Salamis
459 797 620 894 populos,
637 796 711 866 illos
729 796 873 867 Cerealis
889 795 1024 865 Eleusin

219 920 362 990 Horrida
378 920 545 1012 suspensis
563 917 607 986 ad
624 917 739 1013 paoetia
757 919 845 985 misit
862 918 981 984 aratris
998 942 1005 982 :

218 1046 263 1112 Et
276 1065 359 1134 quos
376 1038 545 1110 Callirhoe
561 1039 676 1108 novies
695 1039 883 1106 errantibus
900 1035 998 1106 undis

219 1159 389 1255 Implicat,
402 1176 436 1229 ct
453 1174 557 1253 raptae
573 1161 630 1253 qui
649 1160 800 1228 conscius
817 1159 978 1250 Orithyiae

219 1279 348 1352 Celavit
366 1282 503 1350 Geticos
520 1280 601 1372 ripis
618 1277 729 1347 Ilissos
746 1303 885 1347 amores.

219 1404 295 1495 lpse
307 1425 441 1495 quoque
458 1398 493 1469 iu
507 1423 635 1494 pugnas
651 1413 811 1467 vacuatur
826 1396 937 1482 collis,
957 1398 1013 1465 ubi
1032 1398 1149 1491 ingens

219 1522 277 1590 Lis
293 1524 478 1616 Superum,
497 1517 605 1587 dubiis
623 1517 729 1587 donec
747 1542 832 1585 nova
851 1532 1003 1611 surgeret
1020 1517 1122 1586 arbor

220 1641 389 1736 Rupibus,
408 1654 442 1708 ct
458 1637 557 1733 longa
573 1636 726 1731 refugum
745 1661 836 1705 mare
852 1636 1021 1732 frangeret
1040 1639 1171 1706 umbra.

220 1764 303 1830 Isset
319 1774 352 1828 et
368 1764 506 1829 Arctoas
522 1757 669 1827 Cadmea
686 1756 728 1825 ad
748 1760 869 1826 rnoenia
888 1756 1012 1826 ducens

220 1878 398 1974 Hippolyte
412 1893 538 1947 turmas
555 1904 565 1946 ι
583 1851 705 1947 retinet
720 1879 791 1972 jam
810 1893 900 1947 certa
919 1880 1077 1947 tumentis

221 2003 304 2096 Spes
325 2000 430 2086 uteri,
445 2000 635 2093 conjuxque
649 2014 746 2094 rogat
762 1997 929 2068 dimittere
946 2023 1043 2067 curas

220 2123 356 2206 Martis,
370 2135 405 2189 et
421 2122 574 2190 emeritas
592 2118 738 2190 thalamo
757 2144 888 2189 sacrare
905 2120 1088 2213 pharetras.

271 2245 340 2309 Hos
357 2241 414 2309 ubi
435 2239 520 2309 velle
536 2242 639 2328 acies,
658 2255 692 2309 et
710 2239 799 2309 dulci
818 2239 956 2335 gliscere
975 2241 1062 2310 ferro

220 2365 299 2431 Dux
318 2359 427 2442 videt,
442 2374 544 2452 utque
561 2361 623 2451 piis
643 2361 765 2451 raptim
783 2358 863 2426 dent
881 2359 993 2427 oscula
1013 2362 1098 2427 natis

222 2476 469 2571 Amplexusque
488 2477 623 2565 breves,
641 2501 744 2546 curru
763 2478 809 2544 sic
826 2475 914 2544 fatur
933 2477 976 2544 ab
992 2477 1084 2545 alto:

221 2603 426 2668 «Terrarum
445 2595 534 2693 leges
550 2611 585 2665 et
602 2595 720 2665 mundi
737 2595 861 2666 foedera
879 2620 1010 2666 mecum

222 2717 409 2788 Defensura
425 2742 562 2804 manus,
580 2717 698 2813 dignas
718 2718 874 2788 insumite
892 2731 1017 2787 mentes

222 2839 485 2933 Coeptihus:hac
496 2864 628 2909 omnem
640 2841 829 2934 Divumque
841 2839 1078 2931 hominumque
1089 2839 1258 2929 savorem,

222 2960 451 3052 Naturamque
468 2959 607 3045 ducem,
623 2975 790 3053 coetusque
805 2955 929 3026 silentis
946 2962 1072 3028 Averni

221 3079 317 3146 Stare
334 3077 444 3173 palam
466 3094 540 3147 est:
558 3078 625 3148 illic
643 3083 817 3149 Poenarum
834 3079 977 3146 exercita
996 3081 1116 3149 Thebis

222 3201 387 3289 Agmina,
405 3214 438 3268 et
453 3201 657 3294 anguicomae
675 3198 796 3265 ducent
814 3197 933 3267 vexilla
952 3225 1092 3269 sorores.

220 3321 270 3386 Ite
287 3317 429 3407 alacres,
450 3334 629 3412 tantoeque,
647 3340 779 3411 precor,
797 3318 953 3387 confidite
972 3345 1088 3388 causae.
1102 3352 1118 3384 »

267 3438 374 3525 Dixit,
393 3453 428 3507 et
444 3440 561 3507 emissa
578 3462 721 3531 praeceps
740 3439 803 3506 iter
822 3440 956 3508 inchoat
977 3441 1080 3510 hasta.

218 3554 336 3645 Qualis
353 3558 575 3651 hyperboreos
594 3557 649 3625 ubi
669 3557 802 3627 nubilus
823 3560 943 3627 institit
959 3585 1035 3629 axes

218 3676 384 3769 Juppiter,
403 3692 436 3744 et
452 3678 560 3769 prima
578 3677 761 3747 tremefecit
778 3678 885 3747 sidera
900 3680 1038 3768 bruma;

219 3797 399 3889 Rumpitur
419 3795 543 3884 AEolia,
560 3812 593 3866 et
612 3797 745 3893 longam
767 3799 940 3894 indignata
958 3803 1104 3894 quietam

218 3913 318 3986 Tollit
334 3914 441 3986 hiems
458 3919 603 4007 animos,
624 3935 825 4013 ventosaque
842 3918 951 3989 sibilat
970 3926 1096 3992 Arctos.

219 4039 313 4107 Tune
331 4052 459 4108 montes
479 4038 640 4134 undeque
660 4040 822 4129 fremunt,
841 4058 922 4111 tunc
940 4041 1054 4135 proelia
1072 4041 1162 4110 caesis
1281 4094 1294 4117 ,
