2812 5258
92 452 200 514 (east.)
396 449 603 506 Tul-:Balbos
624 451 800 508 nunaut.

92 582 132 645 Et
154 574 304 643 thalamis
322 576 447 668 potiare
462 571 587 665 jacens,
605 572 757 642 sileamus
772 575 867 643 inulti

91 695 220 790 Tydeos
236 695 357 787 egregii
374 691 554 785 perfossum
575 693 712 785 pectus?
730 707 762 761 ct
779 719 868 762 arma

93 812 233 883 Foederis
248 810 405 903 abrupti?
423 810 513 903 quod
530 812 558 879 si
574 808 657 879 bella
674 811 772 880 elfere
788 815 906 882 Graios

93 936 189 1000 terre
208 945 312 1017 vetas,
334 932 344 996 i
363 929 513 998 Sidonias
532 927 657 1023 legatus
673 930 714 998 ad
734 931 840 999 urbes.

93 1057 168 1120 Haec
184 1075 297 1144 pacem
317 1050 377 1118 tibi
395 1065 479 1118 serta
499 1049 624 1117 dabunt
642 1076 649 1116 :
669 1065 725 1117 tua
742 1075 876 1142 prorsus
893 1052 981 1118 inani

93 1172 201 1238 Verba
217 1169 295 1263 polo
311 1194 442 1254 causas,
460 1171 674 1260 abstrusaque
691 1170 815 1237 semina
829 1194 938 1237 rerum

94 1289 259 1357 Eliciunt?
281 1290 411 1357 miseret
429 1291 610 1382 Superum,
631 1292 657 1356 si
671 1291 816 1357 carmina
834 1314 938 1373 curae,

94 1413 317 1501 Humanaeque
335 1432 448 1500 preces
463 1433 470 1474 :
484 1408 565 1500 quid
586 1409 704 1476 inertia
721 1424 855 1502 pectora
874 1408 993 1477 terres?

94 1529 222 1595 Primus
241 1528 275 1593 in
292 1528 371 1594 orbe
386 1530 474 1595 Deos
491 1527 568 1595 secit
582 1529 679 1596 timor
697 1555 703 1595 :
718 1544 751 1596 ct
768 1529 828 1596 tibi
844 1543 917 1596 tuto

95 1647 191 1713 Nunc
205 1661 258 1714 eat
275 1648 334 1714 iste
352 1645 467 1714 furor:
483 1646 539 1714 sed
553 1649 660 1738 prima
678 1648 718 1715 ad
734 1646 866 1716 classica
883 1672 986 1740 quum
999 1648 1067 1738 jam

95 1764 255 1832 Hostilem
273 1768 426 1832 Ismenon
447 1764 547 1857 galeis
567 1767 755 1860 Dircenque
775 1768 939 1852 bibemus,

96 1887 147 1978 lle
164 1883 244 1949 mihi
264 1898 361 1969 tunc,
380 1908 518 1966 moneo,
537 1883 635 1952 lituos
653 1900 751 1978 atque
769 1910 859 1954 arma
875 1885 1017 1967 volenti,

97 2001 224 2068 Obvius
243 2001 290 2068 ire
308 2024 423 2093 pares,
439 2002 610 2093 ventisque
629 2018 685 2070 aut
706 2001 782 2071 alite
800 2005 867 2071 visa

98 2116 265 2187 Bellorum
285 2119 433 2211 prolerre
450 2117 536 2187 diem
553 2147 560 2186 :
579 2121 694 2212 procul
713 2123 782 2189 haec
799 2123 859 2189 tibi
874 2120 981 2189 mollis

96 2237 221 2323 Insula,
236 2239 434 2331 terrificique
452 2239 556 2306 aberit
575 2239 739 2308 dementia
755 2241 880 2308 Phoebi.

95 2357 169 2425 lllic
190 2382 296 2449 augur
314 2382 391 2451 eg0,
410 2372 441 2424 et
459 2383 588 2425 mecum
611 2361 800 2451 quicunque
820 2363 925 2453 parati

97 2478 245 2545 Insanire
263 2500 372 2543 manu.
388 2506 404 2538 ι)
429 2481 557 2545 Rursus
579 2477 688 2570 fragor
710 2481 836 2546 intonat
855 2481 971 2573 ingens

98 2600 318 2679 Hortantum,
338 2610 371 2663 et
390 2610 481 2662 vasto
499 2596 611 2663 subter
628 2596 716 2665 volat
731 2615 819 2666 astra
838 2596 992 2667 tumultu.

144 2721 188 2787 Ut
205 2714 340 2812 rapidus
358 2729 502 2802 torrens,
522 2718 648 2786 animos
666 2719 717 2785 cui
736 2743 837 2786 verna
857 2719 1042 2785 ministrant

99 2837 260 2925 Flamina,
279 2851 313 2905 et
333 2839 422 2904 exuti
439 2852 593 2904 concreto
611 2836 732 2931 frigore
750 2835 866 2923 colles,

101 2958 211 3041 Quum
229 2982 330 3051 vagus
349 2958 383 3023 in
404 2981 536 3048 campos
554 2957 676 3022 frustra
694 2956 944 3048 prohibentibus
961 2956 1028 3022 exit

101 3076 285 3165 Objicibus,
301 3091 458 3144 resonant
477 3075 641 3166 permixto
659 3075 790 3142 turbine
806 3089 909 3159 tecta,

102 3197 206 3277 Arva,
225 3208 390 3282 armenta,
411 3196 492 3278 viri,
514 3193 620 3261 donec
641 3196 732 3261 stetit
749 3195 918 3286 improbus
935 3192 1003 3261 alto

103 3308 194 3378 Colle
215 3313 332 3399 minor,
351 3339 537 3407 magnoque
554 3315 681 3380 invenit
698 3315 730 3379 in
747 3338 866 3407 aggere
885 3316 982 3405 ripas.

102 3435 179 3496 llaec
199 3428 324 3496 alterna
344 3431 463 3499 ducum
483 3458 548 3500 nox
567 3431 725 3500 interfusa
742 3433 883 3499 diremit.

150 3554 193 3616 At
213 3550 354 3640 gemitus
367 3552 466 3645 Argia
486 3555 548 3621 viri
567 3577 632 3620 uon
653 3550 794 3644 amplius
809 3577 903 3644 aequo

103 3668 211 3736 Corde
232 3667 357 3752 serens,
375 3669 562 3762 sociumque
583 3673 693 3738 animo
711 3673 863 3739 miserata
881 3669 1047 3755 dolorem,

103 3790 192 3855 Sicut
216 3799 285 3852 crat
306 3785 435 3876 pridem
453 3781 567 3857 laceris
587 3792 719 3859 turbata
740 3789 879 3883 capillis,

103 3912 145 3974 Et
161 3906 239 3972 llctu
258 3907 385 3998 signata
403 3928 517 3998 genas,
533 3905 574 3973 ad
591 3907 675 3977 celsa
694 3908 827 3976 verendi

103 4024 177 4091 lbat
194 4038 280 4091 tecta
300 4024 420 4116 patris,
440 4046 641 4116 parvumque
658 4028 720 4093 sub
741 4028 841 4095 ubere
859 4052 936 4095 caro

245 4165 265 4209 ι.
933 4141 975 4214 16
