<?xml version="1.0" encoding="UTF-8"?>
<!DOCTYPE html PUBLIC "-//W3C//DTD XHTML 1.0 Transitional//EN"
    "http://www.w3.org/TR/xhtml1/DTD/xhtml1-transitional.dtd">
<html xmlns="http://www.w3.org/1999/xhtml" xml:lang="en" lang="en">
 <head>
  <title>
</title>
<meta http-equiv="Content-Type" content="text/html;charset=utf-8" />
  <meta name='ocr-system' content='tesseract 3.04.00' />
  <meta name='ocr-capabilities' content='ocr_page ocr_carea ocr_par ocr_line ocrx_word'/>
</head>
<body>
  <div class='ocr_page' id='page_1' title='image "./publiipapiniist01statgoog_0332.png"; bbox 0 0 2812 5258; ppageno 0'>
   <div class='ocr_carea' id='block_1_1' title="bbox 290 435 1330 502">
    <p class='ocr_par' dir='ltr' id='par_1_1' title="bbox 290 435 1330 502">
     <span class='ocr_line' id='line_1_1' title="bbox 290 435 1330 502; baseline -0.01 -7"><span class='ocrx_word' id='word_1_1' title='bbox 290 438 328 495; x_wconf 79' lang='lat'><strong>36</strong></span> <span class='ocrx_word' id='word_1_2' title='bbox 604 436 821 493; x_wconf 72' lang='lat' dir='ltr'>THEBAIDOS</span> <span class='ocrx_word' id='word_1_3' title='bbox 842 437 954 495; x_wconf 79' lang='lat' dir='ltr'>LIBER</span> <span class='ocrx_word' id='word_1_4' title='bbox 977 438 1012 493; x_wconf 80' lang='lat' dir='ltr'><strong>V.</strong></span> <span class='ocrx_word' id='word_1_5' title='bbox 1218 435 1330 502; x_wconf 62' lang='lat' dir='ltr'><strong>(mys.)</strong></span> 
     </span>
    </p>
   </div>
   <div class='ocr_carea' id='block_1_2' title="bbox 222 560 1336 3292">
    <p class='ocr_par' dir='ltr' id='par_1_2' title="bbox 222 560 1336 3292">
     <span class='ocr_line' id='line_1_2' title="bbox 288 560 1222 659; baseline 0.002 -29"><span class='ocrx_word' id='word_1_6' title='bbox 288 561 537 655; x_wconf 85' lang='lat' dir='ltr'><strong>Promissnsque</strong></span> <span class='ocrx_word' id='word_1_7' title='bbox 549 560 690 629; x_wconf 87' lang='lat' dir='ltr'><strong>trahunt</strong></span> <span class='ocrx_word' id='word_1_8' title='bbox 701 562 844 656; x_wconf 81' lang='lat' dir='ltr'><strong>pecudes</strong></span> <span class='ocrx_word' id='word_1_9' title='bbox 858 589 867 631; x_wconf 75' lang='grc' dir='ltr'><strong>ε</strong></span> <span class='ocrx_word' id='word_1_10' title='bbox 881 564 977 659; x_wconf 84' lang='lat' dir='ltr'><strong>niger</strong></span> <span class='ocrx_word' id='word_1_11' title='bbox 989 563 1144 633; x_wconf 88' lang='lat' dir='ltr'><strong>omnibus</strong></span> <span class='ocrx_word' id='word_1_12' title='bbox 1154 563 1222 632; x_wconf 80' lang='lat' dir='ltr'><strong>aria</strong></span> 
     </span>
     <span class='ocr_line' id='line_1_3' title="bbox 289 678 1113 779; baseline -0.002 -28"><span class='ocrx_word' id='word_1_13' title='bbox 289 682 395 776; x_wconf 85' lang='lat' dir='ltr'>Ignis,</span> <span class='ocrx_word' id='word_1_14' title='bbox 414 682 501 749; x_wconf 89' lang='lat' dir='ltr'><strong>etin</strong></span> <span class='ocrx_word' id='word_1_15' title='bbox 519 678 620 750; x_wconf 93' lang='lat' dir='ltr'><strong>nullis</strong></span> <span class='ocrx_word' id='word_1_16' title='bbox 638 682 744 775; x_wconf 81' lang='lat' dir='ltr'><strong>spirat</strong></span> <span class='ocrx_word' id='word_1_17' title='bbox 761 685 853 753; x_wconf 81' lang='lat' dir='ltr'><strong>Deus</strong></span> <span class='ocrx_word' id='word_1_18' title='bbox 873 684 1003 779; x_wconf 80' lang='lat' dir='ltr'>integer</span> <span class='ocrx_word' id='word_1_19' title='bbox 1019 684 1113 751; x_wconf 85' lang='lat' dir='ltr'><strong>extis.</strong></span> 
     </span>
     <span class='ocr_line' id='line_1_4' title="bbox 337 797 1129 893; baseline 0 -28"><span class='ocrx_word' id='word_1_20' title='bbox 337 830 354 865; x_wconf 71' lang='grc' dir='ltr'><strong>α</strong></span> <span class='ocrx_word' id='word_1_21' title='bbox 365 799 507 869; x_wconf 79' lang='lat' dir='ltr'>Tardius</span> <span class='ocrx_word' id='word_1_22' title='bbox 518 801 680 870; x_wconf 85' lang='lat' dir='ltr'><strong>humenti</strong></span> <span class='ocrx_word' id='word_1_23' title='bbox 698 816 832 873; x_wconf 84' lang='lat' dir='ltr'><strong>noctem</strong></span> <span class='ocrx_word' id='word_1_24' title='bbox 848 801 970 893; x_wconf 87' lang='lat' dir='ltr'><strong>dejecit</strong></span> <span class='ocrx_word' id='word_1_25' title='bbox 985 797 1129 891; x_wconf 82' lang='lat' dir='ltr'><strong>Olympo</strong></span> 
     </span>
     <span class='ocr_line' id='line_1_5' title="bbox 289 917 1137 1015; baseline -0.004 -25"><span class='ocrx_word' id='word_1_26' title='bbox 289 922 460 1015; x_wconf 81' lang='lat' dir='ltr'><strong>Iuppiter,</strong></span> <span class='ocrx_word' id='word_1_27' title='bbox 481 935 515 989; x_wconf 93' lang='lat' dir='ltr'><strong>et</strong></span> <span class='ocrx_word' id='word_1_28' title='bbox 535 944 670 990; x_wconf 86' lang='lat' dir='ltr'><strong>versum</strong></span> <span class='ocrx_word' id='word_1_29' title='bbox 689 922 782 1007; x_wconf 90' lang='lat' dir='ltr'><strong>miti,</strong></span> <span class='ocrx_word' id='word_1_30' title='bbox 800 943 894 1004; x_wconf 84' lang='lat' dir='ltr'><strong>reor,</strong></span> <span class='ocrx_word' id='word_1_31' title='bbox 913 917 1038 985; x_wconf 77' lang='lat' dir='ltr'><strong>ethera</strong></span> <span class='ocrx_word' id='word_1_32' title='bbox 1055 940 1137 987; x_wconf 85' lang='lat' dir='ltr'><strong>cura</strong></span> 
     </span>
     <span class='ocr_line' id='line_1_6' title="bbox 290 1033 1212 1133; baseline -0.003 -22"><span class='ocrx_word' id='word_1_33' title='bbox 290 1042 471 1127; x_wconf 87' lang='lat' dir='ltr'><strong>Sustinuit,</strong></span> <span class='ocrx_word' id='word_1_34' title='bbox 490 1040 573 1110; x_wconf 89' lang='lat' dir='ltr'><strong>dum</strong></span> <span class='ocrx_word' id='word_1_35' title='bbox 591 1039 661 1109; x_wconf 81' lang='lat' dir='ltr'><strong>fata</strong></span> <span class='ocrx_word' id='word_1_36' title='bbox 677 1053 818 1107; x_wconf 86' lang='lat' dir='ltr'><strong>vetant:</strong></span> <span class='ocrx_word' id='word_1_37' title='bbox 835 1060 896 1104; x_wconf 87' lang='lat' dir='ltr'><strong>nec</strong></span> <span class='ocrx_word' id='word_1_38' title='bbox 913 1033 1046 1133; x_wconf 90' lang='lat' dir='ltr'><strong>longius</strong></span> <span class='ocrx_word' id='word_1_39' title='bbox 1062 1063 1212 1132; x_wconf 89' lang='lat' dir='ltr'><strong>unquam</strong></span> 
     </span>
     <span class='ocr_line' id='line_1_7' title="bbox 290 1152 1005 1254; baseline -0.008 -23"><span class='ocrx_word' id='word_1_40' title='bbox 290 1165 472 1231; x_wconf 76' lang='lat' dir='ltr'>Cessavere</span> <span class='ocrx_word' id='word_1_41' title='bbox 492 1185 587 1229; x_wconf 78' lang='lat' dir='ltr'><strong>novas</strong></span> <span class='ocrx_word' id='word_1_42' title='bbox 601 1158 747 1254; x_wconf 84' lang='lat' dir='ltr'><strong>perfecto</strong></span> <span class='ocrx_word' id='word_1_43' title='bbox 763 1152 834 1223; x_wconf 90' lang='lat' dir='ltr'><strong>sole</strong></span> <span class='ocrx_word' id='word_1_44' title='bbox 850 1156 1005 1225; x_wconf 71' lang='lat' dir='ltr'><strong>tenebrae.</strong></span> 
     </span>
     <span class='ocr_line' id='line_1_8' title="bbox 291 1277 1117 1364; baseline 0 -16"><span class='ocrx_word' id='word_1_45' title='bbox 291 1282 371 1348; x_wconf 88' lang='lat' dir='ltr'><strong>Sera</strong></span> <span class='ocrx_word' id='word_1_46' title='bbox 388 1294 500 1349; x_wconf 90' lang='lat' dir='ltr'><strong>tamen</strong></span> <span class='ocrx_word' id='word_1_47' title='bbox 518 1277 644 1349; x_wconf 89' lang='lat' dir='ltr'><strong>mundo</strong></span> <span class='ocrx_word' id='word_1_48' title='bbox 662 1289 828 1344; x_wconf 85' lang='lat' dir='ltr'><strong>venerunt</strong></span> <span class='ocrx_word' id='word_1_49' title='bbox 843 1290 953 1364; x_wconf 85' lang='lat' dir='ltr'><strong>astra,</strong></span> <span class='ocrx_word' id='word_1_50' title='bbox 974 1277 1032 1347; x_wconf 90' lang='lat' dir='ltr'><strong>sed</strong></span> <span class='ocrx_word' id='word_1_51' title='bbox 1052 1277 1117 1348; x_wconf 92' lang='lat' dir='ltr'><strong>illis</strong></span> 
     </span>
     <span class='ocr_line' id='line_1_9' title="bbox 222 1392 1249 1492; baseline -0.002 -24"><span class='ocrx_word' id='word_1_52' title='bbox 222 1428 228 1443; x_wconf 91' lang='lat'><strong>·</strong></span> <span class='ocrx_word' id='word_1_53' title='bbox 291 1401 336 1468; x_wconf 87' lang='lat' dir='ltr'><strong>Et</strong></span> <span class='ocrx_word' id='word_1_54' title='bbox 352 1401 475 1485; x_wconf 88' lang='lat' dir='ltr'><strong>Paros,</strong></span> <span class='ocrx_word' id='word_1_55' title='bbox 493 1412 527 1465; x_wconf 90' lang='lat' dir='ltr'><strong>et</strong></span> <span class='ocrx_word' id='word_1_56' title='bbox 542 1416 714 1464; x_wconf 84' lang='lat' dir='ltr'><strong>nemorosa</strong></span> <span class='ocrx_word' id='word_1_57' title='bbox 731 1392 878 1484; x_wconf 84' lang='lat' dir='ltr'><strong>Thasos,</strong></span> <span class='ocrx_word' id='word_1_58' title='bbox 896 1398 1087 1492; x_wconf 70' lang='lat' dir='ltr'><strong>crebreque</strong></span> <span class='ocrx_word' id='word_1_59' title='bbox 1103 1397 1249 1468; x_wconf 80' lang='lat' dir='ltr'><strong>relucent</strong></span> 
     </span>
     <span class='ocr_line' id='line_1_10' title="bbox 293 1513 1165 1612; baseline -0.001 -24"><span class='ocrx_word' id='word_1_60' title='bbox 293 1516 453 1612; x_wconf 80' lang='lat' dir='ltr'>Cyclades</span> <span class='ocrx_word' id='word_1_61' title='bbox 472 1542 481 1585; x_wconf 77' lang='grc' dir='ltr'><strong><em>ε</em></strong></span> <span class='ocrx_word' id='word_1_62' title='bbox 500 1538 567 1585; x_wconf 88' lang='lat' dir='ltr'><strong>una</strong></span> <span class='ocrx_word' id='word_1_63' title='bbox 584 1513 677 1608; x_wconf 84' lang='lat' dir='ltr'><strong>gravi</strong></span> <span class='ocrx_word' id='word_1_64' title='bbox 693 1514 827 1606; x_wconf 89' lang='lat' dir='ltr'><strong>penitus</strong></span> <span class='ocrx_word' id='word_1_65' title='bbox 845 1514 927 1585; x_wconf 89' lang='lat' dir='ltr'><strong>latet</strong></span> <span class='ocrx_word' id='word_1_66' title='bbox 943 1518 1062 1586; x_wconf 85' lang='lat' dir='ltr'><strong>obruta</strong></span> <span class='ocrx_word' id='word_1_67' title='bbox 1082 1517 1165 1588; x_wconf 90' lang='lat' dir='ltr'><strong>ooelo</strong></span> 
     </span>
     <span class='ocr_line' id='line_1_11' title="bbox 291 1632 1334 1731; baseline -0.005 -24"><span class='ocrx_word' id='word_1_68' title='bbox 291 1641 454 1720; x_wconf 74' lang='lat' dir='ltr'><strong>lemnos,</strong></span> <span class='ocrx_word' id='word_1_69' title='bbox 471 1637 507 1703; x_wconf 96' lang='lat' dir='ltr'><strong>in</strong></span> <span class='ocrx_word' id='word_1_70' title='bbox 523 1632 611 1702; x_wconf 88' lang='lat' dir='ltr'><strong>hanc</strong></span> <span class='ocrx_word' id='word_1_71' title='bbox 628 1633 739 1702; x_wconf 83' lang='lat' dir='ltr'><strong>tristes</strong></span> <span class='ocrx_word' id='word_1_72' title='bbox 758 1632 905 1723; x_wconf 73' lang='lat' dir='ltr'><strong>nebula,</strong></span> <span class='ocrx_word' id='word_1_73' title='bbox 923 1648 957 1703; x_wconf 89' lang='lat' dir='ltr'><strong>et</strong></span> <span class='ocrx_word' id='word_1_74' title='bbox 973 1634 1070 1731; x_wconf 80' lang='lat' dir='ltr'>plaga</span> <span class='ocrx_word' id='word_1_75' title='bbox 1089 1662 1176 1706; x_wconf 80' lang='lat' dir='ltr'><strong>caeca</strong></span> <span class='ocrx_word' id='word_1_76' title='bbox 1192 1661 1334 1730; x_wconf 85' lang='lat' dir='ltr'>superne</span> 
     </span>
     <span class='ocr_line' id='line_1_12' title="bbox 291 1752 1170 1855; baseline -0.005 -30"><span class='ocrx_word' id='word_1_77' title='bbox 291 1756 448 1855; x_wconf 72' lang='lat' dir='ltr'><strong>Texiurr,</strong></span> <span class='ocrx_word' id='word_1_78' title='bbox 466 1776 534 1821; x_wconf 87' lang='lat' dir='ltr'><strong>una</strong></span> <span class='ocrx_word' id='word_1_79' title='bbox 551 1752 644 1847; x_wconf 88' lang='lat' dir='ltr'><strong>vagis</strong></span> <span class='ocrx_word' id='word_1_80' title='bbox 663 1755 810 1822; x_wconf 88' lang='lat' dir='ltr'><strong>Lemnos</strong></span> <span class='ocrx_word' id='word_1_81' title='bbox 827 1779 895 1822; x_wconf 93' lang='lat' dir='ltr'><strong>non</strong></span> <span class='ocrx_word' id='word_1_82' title='bbox 916 1755 1029 1849; x_wconf 82' lang='lat' dir='ltr'><strong>agnita</strong></span> <span class='ocrx_word' id='word_1_83' title='bbox 1048 1756 1170 1823; x_wconf 85' lang='lat' dir='ltr'><strong>nautis.</strong></span> 
     </span>
     <span class='ocr_line' id='line_1_13' title="bbox 283 1850 1336 1969; baseline 0.005 -32"><span class='ocrx_word' id='word_1_84' title='bbox 283 1923 289 1937; x_wconf 90' lang='lat'><em>.</em></span> <span class='ocrx_word' id='word_1_85' title='bbox 341 1850 442 1942; x_wconf 76' lang='lat' dir='ltr'><strong>«Iani</strong></span> <span class='ocrx_word' id='word_1_86' title='bbox 458 1870 611 1941; x_wconf 86' lang='lat' dir='ltr'><strong>domibus</strong></span> <span class='ocrx_word' id='word_1_87' title='bbox 629 1872 694 1941; x_wconf 84' lang='lat' dir='ltr'><strong>fusi</strong></span> <span class='ocrx_word' id='word_1_88' title='bbox 710 1887 746 1942; x_wconf 91' lang='lat' dir='ltr'><strong>et</strong></span> <span class='ocrx_word' id='word_1_89' title='bbox 763 1898 940 1942; x_wconf 83' lang='lat' dir='ltr'><strong>nemorum</strong></span> <span class='ocrx_word' id='word_1_90' title='bbox 960 1898 1143 1969; x_wconf 85' lang='lat' dir='ltr'><strong>peropaca</strong></span> <span class='ocrx_word' id='word_1_91' title='bbox 1162 1898 1336 1943; x_wconf 85' lang='lat' dir='ltr'><strong>sacrorum</strong></span> 
     </span>
     <span class='ocr_line' id='line_1_14' title="bbox 291 1990 1179 2089; baseline -0.007 -22"><span class='ocrx_word' id='word_1_92' title='bbox 291 1993 427 2067; x_wconf 90' lang='lat' dir='ltr'><strong>Ditibus</strong></span> <span class='ocrx_word' id='word_1_93' title='bbox 445 1990 622 2088; x_wconf 80' lang='lat' dir='ltr'><strong>indulgent</strong></span> <span class='ocrx_word' id='word_1_94' title='bbox 639 1993 765 2089; x_wconf 90' lang='lat' dir='ltr'><strong>epulis,</strong></span> <span class='ocrx_word' id='word_1_95' title='bbox 786 2009 994 2088; x_wconf 83' lang='lat' dir='ltr'><strong>vacuantque</strong></span> <span class='ocrx_word' id='word_1_96' title='bbox 1011 1993 1179 2089; x_wconf 79' lang='lat' dir='ltr'><strong>profundo</strong></span> 
     </span>
     <span class='ocr_line' id='line_1_15' title="bbox 292 2114 1336 2210; baseline -0.004 -25"><span class='ocrx_word' id='word_1_97' title='bbox 292 2118 422 2185; x_wconf 80' lang='lat' dir='ltr'><strong>Aurum</strong></span> <span class='ocrx_word' id='word_1_98' title='bbox 438 2114 585 2184; x_wconf 89' lang='lat' dir='ltr'><strong>immane</strong></span> <span class='ocrx_word' id='word_1_99' title='bbox 603 2140 694 2184; x_wconf 85' lang='lat' dir='ltr'><strong>mero</strong></span> <span class='ocrx_word' id='word_1_100' title='bbox 710 2141 718 2183; x_wconf 92' lang='lat'>:</span> <span class='ocrx_word' id='word_1_101' title='bbox 738 2115 819 2184; x_wconf 90' lang='lat' dir='ltr'><strong>dum</strong></span> <span class='ocrx_word' id='word_1_102' title='bbox 835 2138 910 2209; x_wconf 79' lang='lat' dir='ltr'><strong>quae</strong></span> <span class='ocrx_word' id='word_1_103' title='bbox 926 2139 987 2210; x_wconf 87' lang='lat' dir='ltr'><strong>per</strong></span> <span class='ocrx_word' id='word_1_104' title='bbox 1003 2117 1181 2209; x_wconf 83' lang='lat' dir='ltr'><strong>Strymona</strong></span> <span class='ocrx_word' id='word_1_105' title='bbox 1197 2138 1336 2208; x_wconf 79' lang='lat' dir='ltr'><strong>pugna,</strong></span> 
     </span>
     <span class='ocr_line' id='line_1_16' title="bbox 255 2232 1226 2329; baseline -0.002 -25"><span class='ocrx_word' id='word_1_106' title='bbox 255 2240 259 2245; x_wconf 83' lang='lat'>&#39;</span> <span class='ocrx_word' id='word_1_107' title='bbox 293 2236 379 2324; x_wconf 89' lang='lat' dir='ltr'><strong>Quis</strong></span> <span class='ocrx_word' id='word_1_108' title='bbox 397 2233 579 2329; x_wconf 85' lang='lat' dir='ltr'><strong>Rhodope,</strong></span> <span class='ocrx_word' id='word_1_109' title='bbox 599 2234 753 2329; x_wconf 85' lang='lat' dir='ltr'><strong>gelidove</strong></span> <span class='ocrx_word' id='word_1_110' title='bbox 770 2232 867 2304; x_wconf 85' lang='lat' dir='ltr'><strong>labor</strong></span> <span class='ocrx_word' id='word_1_111' title='bbox 884 2232 1022 2303; x_wconf 89' lang='lat' dir='ltr'><strong>sudatus</strong></span> <span class='ocrx_word' id='word_1_112' title='bbox 1040 2235 1075 2301; x_wconf 93' lang='lat' dir='ltr'><strong>in</strong></span> <span class='ocrx_word' id='word_1_113' title='bbox 1093 2237 1226 2321; x_wconf 74' lang='lat' dir='ltr'><strong>Haemo,</strong></span> 
     </span>
     <span class='ocr_line' id='line_1_17' title="bbox 294 2354 1242 2449; baseline -0.005 -21"><span class='ocrx_word' id='word_1_114' title='bbox 294 2358 500 2428; x_wconf 77' lang='lat' dir='ltr'><strong>Emmerare</strong></span> <span class='ocrx_word' id='word_1_115' title='bbox 521 2369 618 2423; x_wconf 86' lang='lat' dir='ltr'><strong>vacat</strong></span> <span class='ocrx_word' id='word_1_116' title='bbox 637 2380 645 2422; x_wconf 92' lang='lat'>:</span> <span class='ocrx_word' id='word_1_117' title='bbox 664 2378 725 2422; x_wconf 91' lang='lat' dir='ltr'><strong>nec</strong></span> <span class='ocrx_word' id='word_1_118' title='bbox 742 2379 830 2434; x_wconf 81' lang='lat' dir='ltr'><strong>non,</strong></span> <span class='ocrx_word' id='word_1_119' title='bbox 841 2378 970 2443; x_wconf 29' lang='lat' dir='ltr'><strong>,manus</strong></span> <span class='ocrx_word' id='word_1_120' title='bbox 990 2354 1111 2447; x_wconf 89' lang='lat' dir='ltr'><strong>impia,</strong></span> <span class='ocrx_word' id='word_1_121' title='bbox 1129 2368 1242 2449; x_wconf 74' lang='lat' dir='ltr'><strong>nuptae</strong></span> 
     </span>
     <span class='ocr_line' id='line_1_18' title="bbox 296 2472 1207 2568; baseline -0.004 -21"><span class='ocrx_word' id='word_1_122' title='bbox 296 2480 391 2548; x_wconf 87' lang='lat' dir='ltr'><strong>Serta</strong></span> <span class='ocrx_word' id='word_1_123' title='bbox 412 2478 518 2565; x_wconf 78' lang='lat' dir='ltr'><strong>inter,</strong></span> <span class='ocrx_word' id='word_1_124' title='bbox 539 2473 704 2568; x_wconf 84' lang='lat' dir='ltr'><strong>festasque</strong></span> <span class='ocrx_word' id='word_1_125' title='bbox 722 2472 843 2568; x_wconf 86' lang='lat' dir='ltr'><strong>dapes,</strong></span> <span class='ocrx_word' id='word_1_126' title='bbox 863 2498 932 2567; x_wconf 90' lang='lat' dir='ltr'><strong>quo</strong></span> <span class='ocrx_word' id='word_1_127' title='bbox 952 2474 1095 2541; x_wconf 79' lang='lat' dir='ltr'><strong>maxima</strong></span> <span class='ocrx_word' id='word_1_128' title='bbox 1114 2473 1207 2543; x_wconf 91' lang='lat' dir='ltr'><strong>cultu</strong></span> 
     </span>
     <span class='ocr_line' id='line_1_19' title="bbox 295 2580 1239 2692; baseline -0.007 -24"><span class='ocrx_word' id='word_1_129' title='bbox 295 2598 445 2692; x_wconf 67' lang='lat' dir='ltr'><strong>Quaeque</strong></span> <span class='ocrx_word' id='word_1_130' title='bbox 460 2597 575 2690; x_wconf 91' lang='lat' dir='ltr'><strong>jacent</strong></span> <span class='ocrx_word' id='word_1_131' title='bbox 595 2622 603 2666; x_wconf 75' lang='grc' dir='ltr'><strong>ι</strong></span> <span class='ocrx_word' id='word_1_132' title='bbox 625 2580 764 2663; x_wconf 81' lang='lat' dir='ltr'><strong>dederat</strong></span> <span class='ocrx_word' id='word_1_133' title='bbox 782 2594 877 2663; x_wconf 88' lang='lat' dir='ltr'><strong>mites</strong></span> <span class='ocrx_word' id='word_1_134' title='bbox 898 2593 1061 2688; x_wconf 84' lang='lat' dir='ltr'><strong>Cytherea</strong></span> <span class='ocrx_word' id='word_1_135' title='bbox 1081 2617 1239 2688; x_wconf 84' lang='lat' dir='ltr'><strong>suprema</strong></span> 
     </span>
     <span class='ocr_line' id='line_1_20' title="bbox 296 2714 1268 2811; baseline -0.003 -22"><span class='ocrx_word' id='word_1_136' title='bbox 296 2721 404 2790; x_wconf 87' lang='lat' dir='ltr'><strong>Nocte</strong></span> <span class='ocrx_word' id='word_1_137' title='bbox 421 2720 528 2806; x_wconf 88' lang='lat' dir='ltr'><strong>viros,</strong></span> <span class='ocrx_word' id='word_1_138' title='bbox 546 2714 714 2811; x_wconf 83' lang='lat' dir='ltr'><strong>longoque</strong></span> <span class='ocrx_word' id='word_1_139' title='bbox 732 2715 868 2784; x_wconf 91' lang='lat' dir='ltr'><strong>brevem</strong></span> <span class='ocrx_word' id='word_1_140' title='bbox 886 2728 963 2809; x_wconf 90' lang='lat' dir='ltr'><strong>post</strong></span> <span class='ocrx_word' id='word_1_141' title='bbox 981 2728 1133 2807; x_wconf 87' lang='lat' dir='ltr'><strong>tempore</strong></span> <span class='ocrx_word' id='word_1_142' title='bbox 1151 2737 1268 2809; x_wconf 81' lang='lat' dir='ltr'><strong>pacem</strong></span> 
     </span>
     <span class='ocr_line' id='line_1_21' title="bbox 296 2832 1217 2932; baseline -0.005 -22"><span class='ocrx_word' id='word_1_143' title='bbox 296 2840 545 2932; x_wconf 84' lang='lat' dir='ltr'><strong>Nequicquam,</strong></span> <span class='ocrx_word' id='word_1_144' title='bbox 565 2851 600 2906; x_wconf 93' lang='lat' dir='ltr'><strong>et</strong></span> <span class='ocrx_word' id='word_1_145' title='bbox 618 2837 754 2905; x_wconf 84' lang='lat' dir='ltr'><strong>miseros</strong></span> <span class='ocrx_word' id='word_1_146' title='bbox 773 2838 924 2931; x_wconf 83' lang='lat' dir='ltr'><strong>perituro</strong></span> <span class='ocrx_word' id='word_1_147' title='bbox 944 2832 1117 2904; x_wconf 85' lang='lat' dir='ltr'><strong>afflaverat</strong></span> <span class='ocrx_word' id='word_1_148' title='bbox 1136 2837 1217 2931; x_wconf 83' lang='lat' dir='ltr'><strong>igni.</strong></span> 
     </span>
     <span class='ocr_line' id='line_1_22' title="bbox 346 2953 1236 3052; baseline 0.002 -30"><span class='ocrx_word' id='word_1_149' title='bbox 346 2959 572 3029; x_wconf 70' lang='lat' dir='ltr'><strong>«Conticuere</strong></span> <span class='ocrx_word' id='word_1_150' title='bbox 588 2957 683 3026; x_wconf 89' lang='lat' dir='ltr'><strong>chori</strong></span> <span class='ocrx_word' id='word_1_151' title='bbox 704 2982 713 3026; x_wconf 77' lang='lat' dir='ltr'><strong><em>z</em></strong></span> <span class='ocrx_word' id='word_1_152' title='bbox 731 2956 890 3052; x_wconf 91' lang='lat' dir='ltr'><strong>dapibus,</strong></span> <span class='ocrx_word' id='word_1_153' title='bbox 912 2953 1060 3048; x_wconf 89' lang='lat' dir='ltr'><strong>ludoque</strong></span> <span class='ocrx_word' id='word_1_154' title='bbox 1078 2954 1192 3025; x_wconf 91' lang='lat' dir='ltr'><strong>licenti</strong></span> <span class='ocrx_word' id='word_1_155' title='bbox 1228 2984 1236 2999; x_wconf 94' lang='lat'><strong>·</strong></span> 
     </span>
     <span class='ocr_line' id='line_1_23' title="bbox 298 3076 1234 3171; baseline 0.001 -25"><span class='ocrx_word' id='word_1_156' title='bbox 298 3080 350 3147; x_wconf 90' lang='lat' dir='ltr'><strong>Fit</strong></span> <span class='ocrx_word' id='word_1_157' title='bbox 365 3078 503 3166; x_wconf 90' lang='lat' dir='ltr'><strong>modus,</strong></span> <span class='ocrx_word' id='word_1_158' title='bbox 521 3092 555 3147; x_wconf 92' lang='lat' dir='ltr'><strong>et</strong></span> <span class='ocrx_word' id='word_1_159' title='bbox 570 3079 686 3171; x_wconf 78' lang='lat' dir='ltr'><strong>primae</strong></span> <span class='ocrx_word' id='word_1_160' title='bbox 703 3076 900 3146; x_wconf 87' lang='lat' dir='ltr'><strong>decrescunt</strong></span> <span class='ocrx_word' id='word_1_161' title='bbox 916 3101 1087 3145; x_wconf 89' lang='lat' dir='ltr'><strong>murmura</strong></span> <span class='ocrx_word' id='word_1_162' title='bbox 1107 3080 1234 3166; x_wconf 90' lang='lat' dir='ltr'><strong>noctis,</strong></span> 
     </span>
     <span class='ocr_line' id='line_1_24' title="bbox 297 3194 1064 3292; baseline 0.003 -28"><span class='ocrx_word' id='word_1_163' title='bbox 297 3198 412 3285; x_wconf 91' lang='lat' dir='ltr'><strong>Quum</strong></span> <span class='ocrx_word' id='word_1_164' title='bbox 431 3199 668 3292; x_wconf 87' lang='lat' dir='ltr'><strong>consanguinei</strong></span> <span class='ocrx_word' id='word_1_165' title='bbox 688 3199 810 3266; x_wconf 80' lang='lat' dir='ltr'><strong>mixtus</strong></span> <span class='ocrx_word' id='word_1_166' title='bbox 829 3194 969 3290; x_wconf 86' lang='lat' dir='ltr'><strong>caligine</strong></span> <span class='ocrx_word' id='word_1_167' title='bbox 989 3196 1064 3285; x_wconf 90' lang='lat' dir='ltr'><strong>leti,</strong></span> 
     </span>
    </p>
   </div>
   <div class='ocr_carea' id='block_1_3' title="bbox 157 3315 1266 3412">
    <p class='ocr_par' dir='ltr' id='par_1_3' title="bbox 157 3315 1266 3412">
     <span class='ocr_line' id='line_1_25' title="bbox 157 3315 1266 3412; baseline 0.002 -27"><span class='ocrx_word' id='word_1_168' title='bbox 157 3324 159 3329; x_wconf 83' lang='grc'><strong><em>’</em></strong></span> <span class='ocrx_word' id='word_1_169' title='bbox 298 3320 386 3386; x_wconf 84' lang='lat' dir='ltr'><strong>Rore</strong></span> <span class='ocrx_word' id='word_1_170' title='bbox 404 3315 541 3384; x_wconf 90' lang='lat' dir='ltr'><strong>madens</strong></span> <span class='ocrx_word' id='word_1_171' title='bbox 556 3318 687 3411; x_wconf 85' lang='lat' dir='ltr'><strong>Stygio,</strong></span> <span class='ocrx_word' id='word_1_172' title='bbox 704 3316 902 3384; x_wconf 84' lang='lat' dir='ltr'><strong>morituram</strong></span> <span class='ocrx_word' id='word_1_173' title='bbox 920 3315 1132 3412; x_wconf 88' lang='lat' dir='ltr'><strong>amplectitur</strong></span> <span class='ocrx_word' id='word_1_174' title='bbox 1149 3319 1266 3387; x_wconf 89' lang='lat' dir='ltr'><strong>urbem</strong></span> 
     </span>
    </p>
   </div>
   <div class='ocr_carea' id='block_1_4' title="bbox 298 3433 1220 4134">
    <p class='ocr_par' dir='ltr' id='par_1_4' title="bbox 298 3433 1220 4134">
     <span class='ocr_line' id='line_1_26' title="bbox 298 3433 1195 3531; baseline 0.002 -26"><span class='ocrx_word' id='word_1_175' title='bbox 298 3437 457 3522; x_wconf 89' lang='lat' dir='ltr'><strong>Somnus,</strong></span> <span class='ocrx_word' id='word_1_176' title='bbox 477 3451 510 3503; x_wconf 89' lang='lat' dir='ltr'><strong>et</strong></span> <span class='ocrx_word' id='word_1_177' title='bbox 527 3433 704 3529; x_wconf 89' lang='lat' dir='ltr'><strong>implacido</strong></span> <span class='ocrx_word' id='word_1_178' title='bbox 720 3434 832 3504; x_wconf 87' lang='lat' dir='ltr'><strong>fundit</strong></span> <span class='ocrx_word' id='word_1_179' title='bbox 847 3437 962 3531; x_wconf 87' lang='lat' dir='ltr'><strong>gravia</strong></span> <span class='ocrx_word' id='word_1_180' title='bbox 979 3438 1048 3506; x_wconf 88' lang='lat' dir='ltr'><strong>otia</strong></span> <span class='ocrx_word' id='word_1_181' title='bbox 1067 3462 1195 3507; x_wconf 90' lang='lat' dir='ltr'><strong>cornu:</strong></span> 
     </span>
     <span class='ocr_line' id='line_1_27' title="bbox 301 3554 1220 3653; baseline 0.002 -26"><span class='ocrx_word' id='word_1_182' title='bbox 301 3557 516 3649; x_wconf 86' lang='lat' dir='ltr'><strong>Secernitque</strong></span> <span class='ocrx_word' id='word_1_183' title='bbox 537 3556 625 3624; x_wconf 81' lang='lat' dir='ltr'><strong>viros</strong></span> <span class='ocrx_word' id='word_1_184' title='bbox 644 3581 653 3623; x_wconf 78' lang='grc' dir='ltr'><strong><em>ε</em></strong></span> <span class='ocrx_word' id='word_1_185' title='bbox 673 3554 813 3650; x_wconf 85' lang='lat' dir='ltr'><strong>vigilant</strong></span> <span class='ocrx_word' id='word_1_186' title='bbox 831 3571 1027 3652; x_wconf 72' lang='lat' dir='ltr'><strong>nuptaeque,</strong></span> <span class='ocrx_word' id='word_1_187' title='bbox 1049 3584 1220 3653; x_wconf 84' lang='lat' dir='ltr'><strong>nurusque</strong></span> 
     </span>
     <span class='ocr_line' id='line_1_28' title="bbox 298 3672 1218 3768; baseline 0.005 -24"><span class='ocrx_word' id='word_1_188' title='bbox 298 3678 339 3744; x_wconf 92' lang='lat' dir='ltr'><strong>ln</strong></span> <span class='ocrx_word' id='word_1_189' title='bbox 359 3673 482 3763; x_wconf 91' lang='lat' dir='ltr'><strong>scelus,</strong></span> <span class='ocrx_word' id='word_1_190' title='bbox 502 3687 602 3768; x_wconf 88' lang='lat' dir='ltr'><strong>atque</strong></span> <span class='ocrx_word' id='word_1_191' title='bbox 621 3672 743 3744; x_wconf 88' lang='lat' dir='ltr'><strong>hilares</strong></span> <span class='ocrx_word' id='word_1_192' title='bbox 762 3691 888 3745; x_wconf 88' lang='lat' dir='ltr'><strong>acuunt</strong></span> <span class='ocrx_word' id='word_1_193' title='bbox 906 3675 974 3745; x_wconf 84' lang='lat' dir='ltr'><strong>fera</strong></span> <span class='ocrx_word' id='word_1_194' title='bbox 993 3676 1058 3746; x_wconf 84' lang='lat' dir='ltr'><strong>tela</strong></span> <span class='ocrx_word' id='word_1_195' title='bbox 1077 3703 1218 3749; x_wconf 84' lang='lat' dir='ltr'><strong>sorores.</strong></span> 
     </span>
     <span class='ocr_line' id='line_1_29' title="bbox 301 3794 1102 3893; baseline 0.004 -30"><span class='ocrx_word' id='word_1_196' title='bbox 301 3796 453 3864; x_wconf 85' lang='lat' dir='ltr'><strong>Invasere</strong></span> <span class='ocrx_word' id='word_1_197' title='bbox 472 3794 583 3883; x_wconf 79' lang='lat' dir='ltr'><strong>nefas,</strong></span> <span class='ocrx_word' id='word_1_198' title='bbox 605 3809 726 3865; x_wconf 90' lang='lat' dir='ltr'><strong>cuncto</strong></span> <span class='ocrx_word' id='word_1_199' title='bbox 744 3821 804 3865; x_wconf 89' lang='lat' dir='ltr'><strong>sua</strong></span> <span class='ocrx_word' id='word_1_200' title='bbox 823 3811 945 3891; x_wconf 82' lang='lat' dir='ltr'><strong>regnat</strong></span> <span class='ocrx_word' id='word_1_201' title='bbox 958 3799 1102 3893; x_wconf 85' lang='lat' dir='ltr'><strong>Erinnys</strong></span> 
     </span>
     <span class='ocr_line' id='line_1_30' title="bbox 299 3913 1208 4016; baseline 0.004 -31"><span class='ocrx_word' id='word_1_202' title='bbox 299 3917 435 3985; x_wconf 87' lang='lat' dir='ltr'><strong>Pectore</strong></span> <span class='ocrx_word' id='word_1_203' title='bbox 452 3941 459 3983; x_wconf 91' lang='lat'><strong>:</strong></span> <span class='ocrx_word' id='word_1_204' title='bbox 479 3941 546 3984; x_wconf 89' lang='lat' dir='ltr'><strong>non</strong></span> <span class='ocrx_word' id='word_1_205' title='bbox 564 3913 661 3985; x_wconf 83' lang='lat' dir='ltr'><strong>aliter</strong></span> <span class='ocrx_word' id='word_1_206' title='bbox 678 3916 850 4010; x_wconf 81' lang='lat' dir='ltr'><strong>Scythicos</strong></span> <span class='ocrx_word' id='word_1_207' title='bbox 867 3932 1015 3987; x_wconf 78' lang='lat' dir='ltr'><strong>armenta</strong></span> <span class='ocrx_word' id='word_1_208' title='bbox 1032 3944 1092 4014; x_wconf 89' lang='lat' dir='ltr'><strong>per</strong></span> <span class='ocrx_word' id='word_1_209' title='bbox 1110 3944 1208 4016; x_wconf 78' lang='lat' dir='ltr'><strong>agtus</strong></span> 
     </span>
     <span class='ocr_line' id='line_1_31' title="bbox 299 4032 1036 4134; baseline 0.003 -28"><span class='ocrx_word' id='word_1_210' title='bbox 299 4038 460 4129; x_wconf 71' lang='lat' dir='ltr'><strong>Hyrcanae</strong></span> <span class='ocrx_word' id='word_1_211' title='bbox 477 4032 625 4105; x_wconf 78' lang='lat' dir='ltr'><strong>clauscre</strong></span> <span class='ocrx_word' id='word_1_212' title='bbox 642 4035 718 4123; x_wconf 76' lang='lat' dir='ltr'><strong>lea,</strong></span> <span class='ocrx_word' id='word_1_213' title='bbox 738 4038 941 4134; x_wconf 83' lang='lat' dir='ltr'><strong>quasexigit</strong></span> <span class='ocrx_word' id='word_1_214' title='bbox 959 4053 1036 4108; x_wconf 89' lang='lat' dir='ltr'><strong>ortu</strong></span> 
     </span>
    </p>
   </div>
   <div class='ocr_carea' id='block_1_5' title="bbox 0 0 1427 5258">
    <p class='ocr_par' dir='ltr' id='par_1_5' title="bbox 0 0 1427 5258">
     <span class='ocr_line' id='line_1_32' title="bbox 0 0 1427 5258; baseline 0 0"><span class='ocrx_word' id='word_1_215' title='bbox 0 0 1427 5258; x_wconf 95' lang='lat' dir='ltr'><strong> </strong></span> 
     </span>
    </p>
   </div>
  </div>
 </body>
</html>
