2812 5258
404 430 594 488 SILVARUM
615 431 723 489 uultu
745 432 793 487 tv.
1055 432 1108 490 103

692 549 1109 580 mmmmm

571 827 624 912 11.

401 1132 806 1204 EUCHARISTICON

205 1548 280 1605 lbss’.
303 1546 457 1606 AUGUST.
478 1548 733 1608 GERMANICUM
748 1547 1001 1608 norssmrturt

530 1847 688 1866 -ᾤ-

145 2082 259 2148 Rsou
273 2075 417 2146 Sidoniae
433 2076 583 2145 convivis
599 2075 712 2147 laudnt
728 2077 824 2150 utisae

97 2198 166 2290 Qui
186 2219 341 2290 magnum
358 2197 495 2265 AEneam
511 2195 732 2266 Laurentibus
747 2195 859 2265 intulit
874 2197 981 2285 arvist

98 2315 292 2406 Alcinoique
308 2313 408 2407 dapes
425 2336 582 2384 mansuro
597 2315 743 2384 carmine
761 2322 936 2384 monstrat

96 2437 239 2526 AEquore
255 2434 314 2526 qui
334 2432 440 2502 multo
460 2432 613 2502 reduoem
632 2435 834 2527 consumpsit
851 2432 990 2519 Ulixen3

96 2555 154 2621 Ast
172 2574 253 2643 ego,
272 2553 326 2619 cui
346 2575 443 2620 sacre
462 2554 569 2621 Cmssr
584 2574 670 2619 nova
688 2550 807 2644 gaudia
824 2576 924 2622 ooenas

99 2673 199 2740 Nunc
216 2671 378 2763 primum,
395 2668 590 2763 dominaque
607 2669 699 2739 dedit
712 2693 910 2763 consurgere
924 2689 1054 2753 mensa,

100 2790 177 2877 Qua
191 2787 354 2858 celebrem
369 2811 441 2855 mea
459 2801 535 2855 vota
554 2785 647 2880 lyra?
663 2809 745 2880 quas
758 2783 884 2855 solvere
897 2797 1005 2880 grates

102 2906 292 2976 Sufficiam?
308 2930 393 2993 uon,
414 2906 441 2976 si
459 2907 581 2998 pariter
596 2905 676 2975 mibi
695 2906 816 2975 vertice
835 2903 908 2974 losto

103 3027 221 3094 Nectst
236 3024 386 3095 adoratas
402 3037 436 3093 et
454 3025 593 3116 Smyrna
612 3037 646 3092 et
660 3025 798 3092 Mantua
816 3021 944 3109 lauros,

100 3144 208 3236 Digna
224 3142 351 3236 loquar.
369 3140 491 3211 Mediis
506 3139 620 3210 videor
637 3140 840 3211 discumbere
856 3142 891 3208 in
905 3141 1001 3210 astris

100 3264 184 3329 Cum
198 3265 296 3348 Jove,
317 3273 350 3329 et
365 3259 466 3329 Iliaca
485 3274 673 3353 porrectum
689 3282 817 3328 sumere
832 3258 947 3327 dextre

102 3378 288 3447 Immortale
305 3402 444 3449 merum.
463 3375 597 3448 steriles
614 3377 854 3447 transmisimus
871 3401 995 3463 annos3

103 3501 179 3564 Haec
196 3499 255 3566 aevi
271 3497 351 3565 mihi
368 3498 475 3590 prima
491 3497 578 3585 dies,
594 3497 663 3567 haee
678 3494 793 3565 limina
810 3497 894 3565 vitm.

102 3617 192 3682 Tene
209 3638 290 3708 ego,
307 3629 461 3708 regnator
480 3630 640 3685 terrarum
657 3614 814 3708 orbisque
831 3615 958 3684 subacti

102 3735 223 3824 Magne
242 3755 381 3824 parens,
396 3747 449 3821 te,
468 3758 542 3828 spos
559 3735 752 3820 hominum,
772 3747 824 3821 te,
840 3757 919 3802 cura
935 3735 1103 3819 Deorum,

102 3853 214 3919 Cerno
229 3849 362 3943 jacens?
381 3849 479 3919 datur
496 3853 558 3923 hac
573 3855 687 3947 juxta,
708 3851 806 3920 datur
821 3876 880 3921 ora
895 3851 980 3919 tueri

102 3969 189 4038 Vina
206 3970 310 4057 iuter,
329 3991 538 4061 mensasque,
553 3985 588 4040 et
603 3996 671 4041 non
687 3994 857 4063 assurgere
872 3969 921 4039 fas
935 3968 1008 4039 est?
