2812 5258
96 454 128 514 (r.
143 453 196 513 sl.)
390 447 643 503 acillnmuos
663 445 773 500 unua
794 447 832 501 Π.
1071 445 1127 500 283

97 578 234 671 Hospita
255 599 296 641 ne
316 573 426 641 subito
446 585 607 640 terrerent
624 571 744 639 moenis
760 584 864 653 coetu,

97 699 212 789 Puppe
227 693 322 787 jubet
338 716 506 761 remanere
524 714 601 759 suos
617 715 625 757 τ
644 691 713 784 ipse
731 688 836 758 ardua
854 689 920 757 fido

97 818 181 885 Cum
199 811 360 884 Diomede
376 812 486 905 petit:
507 809 564 878 sed
580 811 647 904 jam
665 824 868 905 prevenerat
885 810 972 879 arcis

98 938 238 1004 Litoreae
256 946 404 1002 servator
421 931 526 1016 Abas,
544 933 722 1023 ignotaque
740 931 809 1023 regi

98 1052 267 1140 Ediderat,
285 1051 343 1121 sed
362 1051 464 1120 Graia
485 1064 612 1134 tamen,
628 1046 803 1116 succedere
820 1049 916 1116 terris

100 1173 243 1242 Qrbssa
263 1197 271 1241 ι
294 1168 492 1265 procedunt,
511 1167 634 1262 gemini
651 1191 711 1235 oen
727 1165 850 1236 soedere
865 1167 983 1259 juncto

98 1292 243 1361 Hiberna
263 1289 326 1358 sub
344 1302 440 1357 nocte
457 1286 547 1381 lupi3
563 1284 641 1357 licet
659 1300 692 1355 et
708 1309 768 1354 sua
788 1285 895 1380 pulset

99 1411 327 1503 Natorumque
343 1407 463 1493 fames,
480 1407 614 1503 penitus
631 1407 823 1499 rabiemque
839 1407 1010 1499 minasque

100 1529 336 1619 Dissimulant,
355 1526 562 1623 humilesque
580 1543 708 1617 meant,
727 1553 771 1598 ne
789 1529 920 1597 nuntiet
938 1527 1048 1597 hostes

100 1653 190 1720 Cura
209 1674 344 1735 unum,
362 1663 396 1717 et
411 1648 556 1744 trepidos
573 1663 707 1718 moneat
724 1647 863 1744 vigilare
881 1648 1064 1743 magistros.

147 1772 200 1839 Sic
215 1794 330 1864 segnes
347 1771 463 1839 heroes
479 1783 580 1852 eunt,
599 1792 817 1862 campumque
835 1783 1020 1862 patentem,

99 1891 167 1980 Qui
189 1888 315 1959 medius
334 1904 468 1983 portum
487 1886 673 1981 celsamque
689 1889 861 1981 interjacet
878 1889 1010 1974 urbem,

100 2007 236 2078 Alterno
255 2032 409 2077 sermone
424 2021 539 2076 serum
557 2032 566 2076 :
586 2007 679 2100 prior
696 2021 838 2100 occupat
854 2031 929 2076 aoer

99 2126 241 2222 Tydides
261 2153 269 2194 ε
288 2128 392 2216 «Qua
411 2150 501 2196 nunc
517 2149 631 2194 verum
651 2125 780 2194 ratione
799 2149 953 2220 paramus

101 2246 268 2316 Scrutaril
285 2270 427 2340 namque
444 2246 600 2340 ambiguo
616 2245 677 2314 sub
694 2260 825 2339 pectore
839 2244 1008 2339 quondam

100 2368 225 2449 Verso,
245 2364 326 2458 quid
344 2362 492 2434 imbelles
513 2364 644 2458 thyrsos
660 2379 824 2434 mercatus
839 2379 873 2434 et
889 2390 970 2450 esra,

103 2484 249 2554 Urbibus
266 2485 301 2552 in
322 2483 454 2571 mediis,
476 2485 693 2578 Baccheaque
714 2499 826 2580 terga,
847 2487 1025 2577 mitrasque

102 2608 175 2673 Huc
192 2603 323 2690 tuleris,
343 2604 499 2697 varioque
516 2602 687 2698 adspersas
706 2606 860 2675 nebridas
878 2607 984 2676 auro?

103 2723 204 2792 Hisne
212 2747 345 2816 gravem
354 2722 539 2816 Phrygibus
547 2725 745 2816 Priamoque
753 2749 918 2794 armamus
929 2724 1132 2794 Achillem?»

152 2839 204 2908 Illi
222 2840 395 2913 subridens
410 2842 544 2913 Ithacus
559 2840 708 2936 paullum
725 2868 784 2912 ore
799 2845 938 2914 remisso
954 2871 962 2912 ε

103 2964 213 3029 «Haec
235 2961 311 3048 tibi,
330 2963 479 3056 virginea
498 2961 598 3031 modo
615 2964 642 3031 si
661 2963 855 3057 Lycomedis
874 2965 907 3033 in
927 2962 1003 3032 aula

103 3078 232 3150 Fraude
247 3079 370 3165 latens,
388 3080 477 3151 ultro
494 3081 679 3152 consessum
696 3084 729 3150 in
749 3081 864 3175 proelia
880 3080 1003 3152 ducent

104 3197 237 3269 Peliden
259 3227 266 3267 :
286 3215 323 3269 tu
342 3215 461 3270 cuncta
477 3203 562 3272 citus
578 3201 619 3270 de
635 3226 747 3298 puppe
767 3216 931 3271 memento

103 3323 219 3403 Ferre,
240 3320 297 3389 ubi
318 3335 446 3415 tempus
467 3323 549 3408 erit,
566 3321 786 3417 clypeumque
798 3321 999 3416 hisjungcre
1017 3321 1132 3408 donis,

103 3438 172 3525 Qui
191 3438 328 3533 pulcher
343 3440 464 3536 signis,
484 3464 632 3534 auroque
651 3442 849 3535 asperrimus
867 3441 970 3513 ardet.

103 3560 181 3626 Haec
195 3573 245 3628 sat
261 3574 360 3629 erunt
376 3586 384 3628 τ
403 3575 512 3631 mcum
531 3561 614 3631 lituu
632 3562 739 3633 boum
754 3561 840 3631 adsit
855 3566 1009 3657 Agyrtes,

105 3675 342 3774 Occultamque
359 3681 473 3753 tubum
491 3684 609 3752 tacitos
624 3696 777 3778 apportet
792 3685 826 3753 in
845 3708 965 3754 usus.»

151 3796 303 3882 Dixerat,
319 3811 418 3893 atque
433 3802 506 3894 ipso
521 3815 690 3895 portarum
707 3805 742 3872 in
758 3801 872 3872 limine
888 3826 999 3897 regem

105 3917 241 4002 Cernit,
257 3931 291 3985 et
307 3934 437 3989 ostenso
456 3944 569 4014 pacem
587 3922 742 4015 prefatur
755 3921 852 3993 oliva.

153 4065 167 4097 a
186 4037 328 4129 Magna,
344 4061 430 4125 reor,
446 4035 573 4132 pridem
589 4056 713 4111 vestras
728 4040 879 4135 pervenit
898 4039 940 4109 ad
960 4064 1056 4110 aures
