2812 5258
188 449 244 507 ato
481 438 688 495 Thesauros
709 436 819 492 LIBER
840 436 918 490 xus
1101 439 1218 503 (ωδε.)

189 563 337 657 Effigies,
356 576 531 654 errantque
548 563 664 629 auimae
682 574 754 652 post
771 561 917 628 membra
931 559 1054 629 solutae.

188 686 239 750 Tu
256 682 336 749 mihi
355 680 461 775 pande
479 683 561 767 vias,
578 695 699 771 tuaque
719 681 787 773 ipse
806 678 847 747 ad
866 679 981 748 funera
999 680 1123 766 deduc,

190 804 225 871 si
242 803 385 869 merui.»
401 802 513 887 Dixit,
530 814 718 891 tectumque
734 824 885 893 aggressa
904 801 1095 893 propinquae

188 920 353 990 Pastorale
370 945 468 1007 casae,
484 918 588 987 reficit
606 920 784 1013 spiramina
801 919 877 988 fessi

129 1112 134 1124 ,
190 1042 297 1133 Ignis,
316 1054 349 1107 et
364 1038 547 1107 horrendos
566 1040 718 1131 irrumpit
736 1038 867 1105 turbida
887 1063 1028 1132 campos.

240 1158 355 1246 Qualis
375 1159 416 1226 ab
437 1160 569 1227 AEtnaeis
589 1182 722 1224 accensa
740 1155 889 1250 lampade
908 1159 993 1225 saxis

189 1280 281 1349 Orba
298 1281 399 1348 Ceres
416 1302 541 1372 magnae
560 1277 709 1345 variabat
730 1278 870 1371 imagine
889 1278 1026 1346 flammae

187 1400 368 1467 Ausonium
387 1397 598 1490 Siculumque
614 1394 720 1482 latus,
738 1399 872 1490 vestigia
891 1399 976 1491 nigri

188 1520 359 1612 Raptoris,
381 1531 553 1608 vastosque
572 1514 681 1610 legens
701 1517 734 1582 in
752 1515 885 1610 pulvere
902 1517 1019 1586 sulcos.

188 1637 280 1706 Illius
297 1638 420 1705 insanis
440 1633 619 1703 ululatibus
639 1636 708 1728 ipse
726 1639 867 1730 remugit

190 1754 393 1841 Enceladus,
411 1769 576 1847 ruptoque
592 1755 661 1822 vias
679 1753 845 1823 illuminat
862 1757 940 1850 igni.

189 1874 417 1968 Persephonen
434 1898 562 1960 amnes,
579 1872 687 1958 silvae,
707 1873 807 1962 freta,
826 1874 940 1943 nubila
959 1874 1130 1948 clamant:

187 1995 416 2088 Persephonen
434 2008 562 2063 tautum
583 1996 687 2089 stygii
706 2009 792 2063 tacet
810 1994 885 2064 aula
904 1998 1024 2064 mariti.

235 2113 399 2183 Admonet
415 2116 590 2184 attonitam
607 2114 693 2183 fidus
709 2116 896 2184 meminisse
914 2117 1065 2185 Creontis

187 2232 292 2316 Alter,
309 2248 340 2300 et
355 2232 518 2301 occultam
538 2234 729 2301 submittere
746 2233 897 2327 lampada
914 2235 1013 2303 furto.

186 2353 313 2446 Regina
328 2350 498 2443 Argolicas
517 2349 616 2417 modo
634 2350 807 2418 formidata
828 2376 886 2443 per
902 2355 1021 2440 urbes,

185 2472 307 2538 Votum
325 2470 466 2535 immane
483 2469 606 2561 procis,
626 2491 764 2560 spesque
782 2471 1012 2561 augustissima
1030 2474 1158 2563 gentis,

185 2592 289 2659 Nocte
307 2588 367 2656 sub
387 2586 521 2674 infesta,
540 2584 630 2655 nullo
652 2585 753 2675 duce,
773 2603 806 2656 et
823 2589 916 2656 hoste
934 2589 1141 2681 propinquo,

185 2709 261 2777 Sola
278 2732 338 2802 per
352 2707 497 2776 ollensus
515 2731 699 2793 armorum,
716 2722 750 2776 et
767 2707 890 2778 lubrica
907 2707 983 2775 tabo

186 2830 365 2915 Gramina,
384 2854 452 2897 uon
469 2828 639 2914 tenebras,
658 2854 725 2897 uon
743 2827 935 2897 circumfusa
953 2829 1139 2896 tremiscens

185 2946 331 3016 Concilio
342 2948 550 3031 umbrarum,
562 2962 661 3039 atque
672 2949 862 3015 animassua
874 2948 1021 3014 membra
1031 2963 1209 3041 gementes.

185 3069 277 3159 Saepe
296 3066 401 3161 gradu
422 3091 506 3135 caeco
525 3066 665 3152 ferrum,
683 3062 871 3157 calcataque
891 3065 956 3134 tela

185 3185 397 3271 Dissimulet,
416 3184 569 3278 solusque
587 3185 679 3253 labor
696 3181 799 3250 vitare
812 3184 977 3276 jacentes,

183 3307 273 3373 Dum
293 3305 392 3372 funus
412 3320 507 3398 putat
522 3328 619 3372 omne
636 3326 752 3384 suum,
769 3304 909 3396 visuque
928 3308 1035 3398 sagaci

184 3425 335 3492 Rimatur
352 3425 495 3517 positos,
513 3438 547 3491 et
561 3446 700 3515 corpora
720 3446 825 3514 prona
843 3426 976 3517 supinat

184 3543 403 3622 lncumbens,
420 3544 635 3635 queriturque
653 3565 771 3633 parum
791 3541 974 3613 lucentibus
992 3547 1096 3612 astris.

229 3665 325 3728 Forte
343 3659 538 3753 soporiferas
557 3658 629 3728 coeli
650 3675 776 3729 secreta
793 3686 852 3754 per
868 3662 1001 3730 umbras

182 3789 284 3866 luno,
301 3783 373 3847 sinu
394 3779 505 3872 magui
524 3795 626 3849 semet
647 3780 754 3849 furata
774 3783 901 3868 mariti,

181 3902 320 3971 Theseos
339 3899 381 3968 ad
402 3923 531 3986 muros,
549 3915 586 3968 ut
604 3900 736 3969 Pallada
755 3901 919 3987 flecteret,
939 3902 1024 3988 ibat,

183 4018 455 4114 supplicibusque
473 4020 535 4113 piis
553 4019 662 4090 faciles
680 4021 824 4114 aperiret
844 4022 1013 4090 Athenas:
