2812 5258
254 436 311 491 3²0
332 399 345 406 ’
624 434 920 490 mrorsrrouas

253 550 368 607 Barthio
380 549 478 621 judice
494 549 582 622 ipsius
596 549 708 622 Papinii
722 549 849 622 scriptio.
864 549 967 606 Itidem
980 549 1131 604 Tartarum
1144 552 1241 607 solum
1250 554 1299 610 hic

252 643 400 716 requirens
413 642 515 698 Marii.
534 641 657 712 conjecit
679 639 733 718 (od
747 641 810 697 Silo.
820 681 830 709 ,
847 660 888 712 rr,
906 660 935 710 1,
957 636 1003 715 ¹4)
1020 659 1027 694 :
1047 640 1163 696 homile
1178 643 1232 720 (ex'
1247 665 1297 699 or⁴

197 807 201 815 ἡ
253 732 330 811 rida)
347 753 455 809 regna,
470 745 502 789 ut
518 752 548 802 r,
564 741 635 807 294,
649 733 790 805 domfero
798 773 807 800 ,
822 733 868 788 vel
882 733 994 801 saltem,
1008 731 1063 800 ait,
1076 734 1150 788 ιἠνία
1163 753 1266 810 regno.

293 829 344 882 Me
356 844 465 902 quoque
479 823 517 903 (r.
527 823 587 902 60).
601 825 646 881 Sc.
657 842 737 899 pane
747 822 852 881 flexum
866 823 976 898 Orphei
994 827 1088 881 cautu.
1105 825 1295 897 Meliorem,

253 918 329 974 vicit.

293 1010 419 1065 Nutabat
430 1011 512 1065 tellus
529 1006 569 1085 (v.
583 1005 642 1084 82).
658 1009 735 1063 «ΜΒ
751 1027 757 1061 :
775 1008 920 1063 adnutat:
938 1008 1019 1083 quod
1033 1008 1220 1084 Papinianum
1229 1029 1295 1067 om-

253 1102 322 1159 nino
341 1102 488 1169 existim03
501 1119 554 1156 nec
567 1097 710 1155 deterrere
724 1099 811 1155 debet
824 1101 932 1156 voculae
944 1103 986 1156 ud
997 1100 1161 1177 repetitio.»
1178 1104 1293 1160 Bam.

293 1199 333 1249 Ar
346 1194 397 1249 tibi
407 1189 602 1268 (Amphiarae)
616 1211 702 1266 quos,
727 1194 832 1266 risqut't,
850 1211 948 1248 manes
967 1191 1005 1271 (v.
1022 1193 1088 1270 84)i
1106 1194 1128 1249 1.
1147 1211 1171 1248 e.
1191 1198 1294 1268 quales

254 1297 281 1342 te
297 1286 440 1342 docebunt
453 1283 567 1340 manes?
580 1284 648 1340 felix
663 1302 699 1339 an
717 1283 816 1339 infelix
829 1284 904 1340 inter
916 1304 1012 1342 manes
1027 1283 1174 1342 conditio?
1192 1287 1292 1361 AEquo

252 1376 370 1435 ulterius
392 1386 590 1451 processerunt
609 1377 687 1432 Lact.
708 1386 737 1431 et
755 1376 869 1432 Servius
882 1377 920 1432 ad
942 1379 1021 1452 Virg.
1042 1380 1127 1445 Ere,
1146 1395 1197 1446 vr,
1217 1381 1293 1449 7¹¹3·

253 1489 340 1544 quem
359 1473 377 1525 l.
398 1469 444 1527 cit.
468 1471 560 1539 Lact.,
580 1469 703 1541 Quasque
729 1487 796 1523 suos
813 1470 947 1542 patr'mar
968 1489 1082 1541 manes,
1103 1486 1246 1542 «poenas»
1265 1482 1295 1528 et

252 1562 436 1635 «supplicia»
455 1560 634 1634 explicantes.
649 1560 707 1616 Sed
719 1559 833 1616 Servius
846 1579 875 1616 se
890 1561 1017 1637 corrigit.

291 1659 465 1730 Interceptus
480 1650 519 1730 (v.
534 1649 593 1729 87).
609 1653 672 1708 iioe
686 1653 725 1707 sic
739 1653 825 1708 scribi
839 1671 899 1709 non
911 1653 1037 1727 potuisse
1057 1653 1130 1709 vidit
1143 1655 1295 1724 Barthius,

212 1732 217 1740 ⁸
252 1759 281 1804 et
297 1746 415 1823 corrigit
428 1747 604 1819 rudecerptus
627 1762 663 1800 ex
680 1744 822 1801 librorum
835 1763 953 1802 suorum
966 1746 1087 1802 lectione
1100 1747 1268 1821 rudeceptus
1284 1769 1295 1801 .-

252 1859 337 1914 quam
361 1840 450 1913 ipsam
470 1855 565 1893 veram
586 1855 645 1894 esse
671 1837 820 1909 existimo,
843 1836 912 1912 quia
932 1839 1118 1913 Amphiaraus
1134 1840 1237 1911 etiam,
1259 1851 1295 1895 ut

251 1934 386 2004 Mopsus,
401 1933 483 1986 nullo
496 1931 630 2004 deceptio
642 1932 728 1998 alite,
742 1949 820 2004 supr.
835 1949 876 2000 rr,
891 1928 958 2005 693.
973 1932 1022 1987 Est
1041 1931 1128 2007 igitur
1143 1931 1215 1986 certi
1234 1948 1292 1986 au-

254 2023 328 2097 gurii
340 2023 443 2077 honos.

292 2118 332 2170 Ar
345 2114 417 2169 milri
428 2115 466 2191 (r.
481 2132 519 2190 9²
534 2112 597 2192 sep).
613 2115 718 2172 «Ordo
726 2114 789 2170 talis
796 2126 837 2171 est
851 2137 858 2171 ε
873 2115 982 2171 cunctis
995 2113 1194 2171 finitorrerum
1203 2125 1293 2188 puta·

251 2205 381 2262 ristmihi
389 2225 459 2263 vero
469 2206 553 2263 etiam
561 2218 646 2263 sator.
655 2206 728 2262 Nam
737 2205 826 2281 'quum
835 2209 949 2264 Plutoni
959 2218 1067 2264 constet
1074 2217 1177 2263 terram
1185 2224 1292 2264 conse-

252 2308 371 2367 oratam,
382 2297 451 2354 dicit
465 2299 559 2354 omnia
572 2299 700 2354 membra
713 2300 817 2354 resolvi
831 2311 859 2355 et
874 2301 910 2356 de
925 2312 1000 2356 terra
1010 2311 1111 2356 cuncta
1124 2300 1293 2373 procreari:

248 2389 323 2460 juste
336 2407 405 2463 ergo
419 2399 530 2444 creator
550 2388 664 2456 dicitur,
679 2406 696 2443 a
710 2407 769 2461 quo
783 2390 916 2446 universa
929 2392 1094 2466 gignuntur.
1108 2395 1148 2446 At
1162 2390 1212 2467 [ita
1225 2391 1290 2448 cod

250 2477 338 2546 Paris,
353 2496 411 2532 non
428 2490 489 2544 ost,
504 2479 585 2551 quod
592 2477 715 2533 editores
722 2489 750 2532 et
763 2478 898 2533 Guietum
912 2480 941 2533 in
954 2498 1082 2534 errorem
1089 2481 1219 2558 induxit]
1228 2484 1292 2561 e’go,

250 2570 318 2644 quia
330 2580 408 2625 rates
422 2569 477 2639 tui,
492 2587 591 2625 noram
604 2569 669 2624 rite
682 2579 710 2625 te
724 2588 783 2626 esse
799 2581 968 2641 creatorem,
987 2589 1022 2625 ex
1035 2589 1070 2625 eo
1085 2572 1166 2643 quod
1182 2575 1293 2630 animas

249 2661 353 2718 iterum
371 2661 459 2717 mittis
476 2662 507 2717 in
525 2679 663 2736 corpora,
676 2672 708 2718 ut
721 2662 857 2738 Virgilius
869 2661 945 2741 [AEn.
954 2705 963 2731 ,
979 2681 1027 2731 vr,
1042 2660 1108 2738 751]
1124 2682 1131 2716 ι

358 2869 362 2880 .
380 2870 386 2880 .
403 2868 409 2880 .
427 2869 432 2880 .
449 2836 479 2882 Et
494 2832 611 2900 incipient
626 2834 653 2882 in
667 2851 769 2902 corpora
785 2835 843 2884 rollo
858 2833 956 2890 reverti,

251 3016 280 3060 et
297 3005 373 3060 idem
389 3023 475 3078 supra
495 3005 533 3081 [v.
554 3004 601 3082 26]
618 3008 701 3080 :sata
713 3018 808 3062 serunt
821 3003 868 3080 [ita
883 3002 947 3057 cod.
962 3006 1042 3072 Pan,
1056 3023 1117 3060 non
1121 3007 1240 3079 serunt,
1257 3018 1291 3063 ut

251 3095 329 3172 edd]
341 3098 462 3153 αηὶηιαε.
474 3101 577 3154 »Leon
593 3099 681 3154 Addit
694 3095 1000 3154 bernartiusVarronis
1009 3098 1103 3151 locum
1119 3118 1125 3151 :
1142 3123 1154 3148 a
1170 3099 1288 3172 Diespi-

250 3201 293 3244 ter
306 3188 410 3245 dicitur
423 3189 536 3248 iniimus
546 3209 603 3260 aer,
618 3192 669 3265 qui
678 3200 719 3246 est
732 3187 901 3258 conjunctus
915 3197 1008 3256 terrae,
1019 3189 1070 3244 ubr
1084 3191 1179 3247 omnia
1192 3191 1290 3247 oriun-

252 3292 309 3353 tur,
328 3283 380 3338 ubi
393 3285 573 3340 ahoriuntur.
589 3308 601 3333 »

193 3403 194 3407 =
291 3376 368 3429 Nam
386 3376 436 3430 tibi
444 3377 576 3450 proesogi
586 3377 713 3450 quasnam
726 3371 764 3451 (r.
784 3371 859 3450 118).
875 3377 1002 3432 Auctore
1016 3376 1131 3431 barthio
1145 3375 1237 3431 scribe
1253 3396 1288 3433 ex

251 3467 305 3520 ΜΒ
323 3477 352 3521 et
368 3467 429 3522 aliis
447 3467 527 3523 libris
539 3466 579 3543 (et
593 3485 627 3521 ex
640 3462 730 3541 Lact.)
745 3483 752 3518 ε
766 3489 778 3514 «
792 3466 911 3541 praesagi
930 3466 994 3539 quis
1001 3467 1074 3536 jam.
1086 3491 1100 3518 s

291 3559 380 3630 Atque
408 3559 500 3612 aoriioe
524 3556 562 3631 (v.
595 3555 669 3632 132).
691 3559 746 3612 ΜΒ
771 3578 777 3611 :
805 3570 905 3632 utque,·
933 3581 949 3608 u
972 3558 1163 3632 perpulchre,
1191 3558 1287 3633 inquit

251 3649 360 3716 Barth,
374 3649 452 3703 velut
468 3649 597 3704 nondum
615 3649 734 3718 satiatae,
753 3650 803 3705 sed
816 3652 913 3724 plures
927 3650 1066 3724 deglutire
1081 3650 1246 3724 cupientis.»

295 3740 362 3796 Crem
376 3758 446 3795 voce
460 3741 579 3795 tetendit
593 3738 632 3817 (v.
651 3742 727 3820 146).
748 3743 795 3798 Sic
818 3743 927 3817 aliquot
946 3741 1031 3798 codd.
1054 3761 1113 3798 non
1130 3744 1196 3798 mali
1223 3762 1289 3798 curn

252 3855 269 3890 a
282 3836 372 3908 Regg.
389 3843 418 3888 et
431 3833 508 3887 Lact.
527 3833 584 3888 Sed
598 3836 684 3889 ceteri
697 3836 814 3907 melius,
831 3847 863 3890 ut
875 3835 998 3904 ridetur,
1011 3837 1125 3890 tetendi.
1139 3838 1288 3893 -Paullo

251 3937 367 4003 post‚r.
381 3925 451 3998 148,
465 3929 592 3983 Gronov.
606 3929 795 4003 probabiliter
810 3931 884 4001 conj.
896 3950 902 3983 :
913 3956 925 3979 «ι
938 3930 1149 4004 fumantemque
1159 3932 1264 3996 locum,
1275 3954 1287 3978 n

252 4021 312 4076 ie.
329 4015 444 4076 hiatum.
