2812 5258
75 425 106 487 (a.
124 424 192 486 μᾶ.)
388 418 598 474 Tunnautos
618 419 726 474 LIBER
748 420 797 475 XI.
1048 443 1105 499 ²¹9

74 548 232 630 Abstitit3
251 547 349 637 inque
365 545 470 612 vicem
487 544 606 636 Stygiae
626 542 769 611 rubuere
790 569 927 613 sorores.

126 667 296 736 Prominet
315 660 449 732 excelsis
465 661 583 756 vulgus
602 661 788 731 miserabile
807 666 899 733 tectis
918 692 926 732 ι

77 789 208 856 Cuncta
222 783 358 855 madent
373 781 546 877 lacrymis,
566 797 598 851 et
616 783 658 851 ab
675 785 767 852 omni
786 781 957 878 plangitur
972 811 1056 854 arce.

74 909 160 976 ilinc
179 905 286 999 questi
306 905 426 974 vixisse
442 928 558 991 senes,
575 905 654 973 hinc
672 919 806 999 pectore
825 905 916 975 nudo

74 1029 169 1095 Stant
187 1039 328 1111 matres,
344 1047 530 1119 parvosque
549 1038 661 1092 vetant
678 1026 848 1095 attendere
866 1041 970 1096 natos.

74 1151 152 1243 Ipse
167 1172 299 1242 quoque
317 1148 464 1240 Ogygios
481 1161 629 1216 monstra
646 1147 688 1216 ad
707 1147 841 1243 gentilia
860 1175 972 1219 manes

75 1271 252 1337 Tartareus
270 1281 380 1337 rector
396 1279 494 1361 porta
511 1265 605 1358 jubet
622 1268 670 1335 ire
688 1266 824 1337 reclusa.

72 1388 413 1486 Montibusinsidunt
431 1387 565 1481 patriis,
586 1388 738 1483 tristique
757 1414 879 1459 corona

74 1508 223 1576 Inlecere
239 1507 347 1595 diem,
363 1520 396 1575 et
412 1508 500 1575 vinci
517 1531 576 1576 sua
592 1509 732 1577 crimina
751 1508 903 1603 gaudent.

119 1627 198 1698 Illos
217 1643 254 1697 ut
273 1625 413 1697 stimulis
430 1628 477 1697 ire
495 1629 529 1697 in
545 1627 720 1698 discrimen
740 1633 863 1723 apertis

74 1750 206 1837 Audiit,
223 1765 257 1819 et
277 1748 388 1819 sceleri
404 1747 533 1820 nullum
550 1751 619 1844 jam
637 1752 767 1820 obstare
785 1753 963 1846 pudorem,

71 1870 233 1957 Advolat,
252 1886 285 1939 ct
304 1869 427 1939 medias
448 1872 598 1940 immittit
615 1870 773 1941 Adrastus
792 1873 947 1942 habenas.

72 1995 147 2084 Ipse
161 1989 294 2083 quidem
314 1991 425 2083 regnis
442 1989 584 2060 multum
602 2005 636 2058 et
654 1989 850 2061 venerabilis
870 2018 959 2079 avo,

73 2109 138 2180 Sed
159 2108 239 2202 quid
257 2108 345 2201 apud
364 2107 463 2197 tales,
481 2108 554 2201 quis
572 2134 634 2177 nec
652 2134 712 2179 sua
730 2112 869 2205 pignora
889 2114 998 2181 curae?

73 2229 226 2301 Alternos
248 2244 357 2297 tamen
378 2225 431 2296 ille
451 2245 572 2323 rogat:
590 2257 607 2292 α
622 2231 851 2324 Spectabimus
867 2257 967 2327 ergo,

73 2349 258 2435 Inachidae,
275 2349 433 2443 Tyriique
450 2349 561 2417 nefas?
577 2350 634 2417 ubi
648 2351 745 2443 jura,
764 2351 917 2447 Deique?

76 2468 164 2539 Bella
184 2467 264 2537 ubi?
279 2493 321 2537 ne
341 2483 484 2563 perstate
498 2469 641 2538 animis:
661 2485 694 2539 te
710 2471 879 2565 deprecor,
896 2473 1019 2560 hostis,

74 2590 294 2683 Quanquam,
312 2589 381 2657 haec
398 2589 446 2657 ira
465 2590 569 2674 sinat,
584 2614 645 2657 uec
661 2606 697 2658 tu
715 2591 796 2659 mihi
813 2595 973 2686 sauguine
989 2591 1102 2687 longe;

73 2712 140 2796 Te,
156 2733 267 2803 gener,
285 2722 319 2776 et
332 2709 456 2801 jubeo:
477 2709 595 2801 sceptri
612 2709 639 2775 si
661 2724 752 2778 tanta
772 2709 893 2802 cupido
913 2726 983 2795 est,

72 2832 165 2898 Exuo
186 2826 310 2923 regales
326 2828 458 2897 babitus
475 2827 510 2895 :i
530 2829 681 2912 Lernan,
701 2841 734 2894 et
754 2831 861 2920 Argos

72 2946 168 3017 Solus
187 2947 281 3016 habe.
297 2976 314 3011 a
331 2950 410 3017 Non
429 2947 528 3015 verba
546 2947 651 3040 magis
670 2945 840 3015 suadentia
862 2947 1016 3041 frangunt

73 3072 255 3153 Accensos,
275 3069 456 3160 sumtisque
475 3064 574 3136 semel
594 3066 768 3136 conatibus
784 3067 937 3151 obstant,

72 3188 181 3276 Quam
201 3186 324 3281 Scytha
343 3188 487 3256 curvatis
506 3202 632 3256 erectus
651 3186 804 3256 fluctibus
824 3210 970 3280 unquam

73 3309 197 3375 Pontus
215 3309 363 3400 Cyaneos
381 3307 484 3376 vetuit
500 3331 697 3376 concurrere
713 3322 850 3375 montes.

122 3430 170 3495 Ut
184 3427 318 3520 periisse
335 3449 462 3520 preces,
479 3429 693 3521 geminosque
710 3425 753 3496 ad
772 3425 885 3521 proelia
904 3427 992 3497 fusos

72 3541 210 3612 Pulvere
227 3546 438 3640 cornipedes,
456 3546 686 3640 explorarique
705 3546 871 3616 furentum

72 3666 112 3730 lu
131 3661 241 3755 digitis
258 3682 389 3736 amenta
404 3667 510 3754 videt,
530 3666 634 3761 fugit,
649 3669 760 3738 omnia
781 3666 932 3762 linquens

72 3783 211 3867 Castra,
228 3783 333 3870 viros,
350 3809 529 3878 generum,
543 3785 690 3870 Thebas,
706 3812 745 3856 ac
766 3787 832 3856 lata
853 3804 1042 3860 monentem
1133 3835 1138 3845 -

74 3904 343 3994 Conversumque
360 3905 441 3996 jugo
461 3901 615 3997 propellit
635 3908 785 3975 Ariona:
803 3906 909 4000 qualis

72 4021 241 4088 Demissus
258 4046 358 4089 curru
377 4021 463 4091 laevoe
480 4036 553 4116 post
571 4029 703 4118 praemia
720 4029 815 4095 sortis
