2812 5258
297 362 349 420 iar
607 353 815 409 Timeamus
835 354 941 410 LIBER
964 355 1015 410 lx.
1229 352 1260 412 (v.
1274 351 1327 414 ⁵⁵?

292 479 470 571 Perjurum
489 476 638 545 diadema
655 491 751 569 peto:
769 501 835 568 quo
853 478 973 570 gandia
995 478 1077 544 tanti

295 601 392 664 Emta
404 596 507 680 mihi,
523 610 581 663 ant
595 610 779 688 sceptrum,
798 595 889 688 quod
903 621 969 664 non
985 611 1040 663 tua
1058 595 1196 663 dextera
1209 595 1334 664 tradet?

295 719 364 800 lte,
383 716 464 799 viri,
483 712 653 805 solumque
674 712 742 780 lero
759 728 815 780 me·
828 713 968 806 linquite
988 713 1093 781 fratri.

295 834 350 903 Nil
371 858 454 927 opus
471 858 563 901 arma
584 830 671 902 ultra
689 846 838 920 tentare,
857 847 891 900 et
908 833 1045 926 perdere
1059 846 1202 901 mortes:

295 957 363 1040 Ite,
383 977 525 1046 precor:
544 951 709 1045 quidjam
729 951 852 1020 dabitis
871 953 952 1020 mihi
972 952 1116 1046 denique
1136 954 1263 1046 majus?

296 1073 406 1166 Tydea
423 1073 612 1139 consumsi:
632 1094 776 1163 quanam
794 1071 857 1140 hoc
875 1095 937 1165 ego
956 1087 1063 1140 morte
1082 1071 1204 1165 piabo?

298 1197 329 1261 Ο
346 1216 450 1278 socer,
469 1216 490 1258 o
508 1187 605 1284 Argi!
624 1205 657 1257 et
677 1192 792 1284 primae
809 1190 899 1259 bona
916 1192 1026 1286 jurgia
1046 1194 1169 1283 noctis,

299 1309 508 1402 Alternaeque
526 1333 661 1396 manus,
679 1324 714 1377 et
730 1307 821 1404 longi
842 1311 962 1404 pignus
981 1314 1103 1380 amoris

300 1435 353 1499 Ira
374 1431 506 1499 brevis:
526 1454 593 1498 noa
607 1453 660 1496 me
675 1453 752 1497 ense
769 1449 827 1504 tuo
841 1452 940 1526 tunc,
962 1439 1103 1507 maxime
1120 1435 1249 1528 Tydeu,

299 1555 343 1620 Et
364 1564 514 1643 poteras,
535 1548 638 1616 nostri
655 1567 833 1625 mactatum
852 1561 887 1625 in
907 1556 1019 1626 limine
1039 1554 1192 1623 Adrasti?

300 1672 391 1761 Quin
412 1671 512 1741 etiam
525 1674 653 1743 Thebas
666 1699 719 1743 me
738 1692 893 1770 propter,
913 1693 946 1746 et
961 1679 1062 1771 impia
1080 1677 1191 1746 fratris

228 1855 235 1871 ,
300 1796 401 1861 Tecta
414 1795 536 1882 libens,
554 1794 642 1863 unde
659 1795 748 1863 haud
762 1793 847 1864 alius
863 1811 1055 1884 remeasset,
1071 1797 1188 1866 adisti:

302 1919 372 1983 Ceu
384 1917 519 1984 tibimet
539 1930 671 2010 sceptra
688 1931 722 1984 et
740 1919 894 2010 proprios
911 1915 1038 1987 laturus
1056 1918 1210 1987 honores.

301 2039 373 2103 lam
391 2033 572 2104 Telamona
587 2038 696 2131 pium,
713 2038 783 2129 jam
801 2037 930 2106 Thesea
950 2036 1039 2106 lama
1058 2039 1197 2108 tacebat.

302 2157 420 2245 Qualis
439 2173 472 2226 et
491 2182 568 2226 ecce
583 2157 695 2250 jaces?
714 2182 787 2250 quae
807 2159 952 2252 primum
971 2158 1109 2228 vulnera
1127 2160 1247 2227 mirer?

303 2278 387 2365 Quis
399 2292 474 2345 tuus
487 2277 556 2363 bic,
571 2279 645 2369 quis
658 2277 700 2344 ab
714 2277 809 2345 hoste
819 2278 942 2348 cruor?
951 2303 1025 2372 quae
1035 2293 1068 2346 te
1078 2281 1222 2371 agmina,
1237 2282 1338 2369 quive

303 2397 471 2464 innumeri
491 2410 637 2464 stravere
658 2395 770 2491 globi?
790 2400 825 2466 ni
848 2397 961 2485 fallor,
980 2400 1101 2491 etipse

307 2515 426 2583 Invidit
444 2532 556 2609 pater,
574 2530 606 2585 et
625 2528 694 2585 tota
712 2520 805 2586 Mars
824 2516 957 2613 impulit
975 2517 1108 2584 hasta.»

350 2638 404 2704 Sic
424 2637 487 2721 ait,
508 2651 542 2705 et
563 2662 705 2706 moerens
726 2639 907 2706 etiamnum
928 2636 1053 2707 lubrica
1074 2637 1152 2707 tabo

304 2763 372 2829 Ora
390 2759 452 2826 viri
473 2761 572 2854 tergit
590 2756 759 2853 laciymis‚
781 2757 996 2852 dextramque
1013 2761 1153 2853 reponit.

305 2884 427 2948 «Tune
446 2907 536 2949 meos
557 2882 750 2972 hostes'huc
770 2902 876 2973 usquc
893 2879 1032 2947 exosus?
1046 2893 1079 2946 et
1098 2879 1183 2948 ultra

305 3005 422 3093 Sospes
443 3003 552 3096 ego?»
573 3016 709 3071 exuerat
728 3003 846 3093 vagina
866 2996 1016 3067 turbidus
1036 3023 1168 3087 ensem,

305 3121 628 3214 aptabatque-neci:
648 3123 783 3191 comites
804 3133 959 3205 tenuere,
979 3144 1139 3213 socerque

305 3243 469 3335 Castigat,
489 3241 633 3336 bellique
650 3245 737 3309 vices
756 3264 794 3307 ac
809 3238 876 3306 fata
897 3239 1073 3310 revolvens

305 3357 439 3427 Solatur
458 3361 642 3446 tumidum,
661 3359 827 3453 longeque
843 3385 862 3426 a
881 3383 1021 3453 corpore
1041 3387 1118 3430 caro

305 3477 500 3564 Paullatim,
520 3479 608 3547 unde
624 3478 738 3566 dolor,
760 3477 884 3572 letique
900 3481 1049 3549 animosa
1071 3482 1241 3569 voluntas,

304 3602 462 3685 Amovet,
482 3623 519 3666 ac
536 3602 633 3667 tacite
653 3601 779 3668 ferrum
799 3601 887 3668 inter
906 3600 1009 3669 verba
1028 3606 1170 3696 reponit.

304 3718 459 3805 Ducitur,
479 3719 599 3787 amisso
620 3719 728 3812 qualis
748 3734 901 3788 consorte
918 3717 1068 3791 laborum

305 3841 436 3908 Deserit
453 3839 622 3932 inceptum
643 3839 753 3908 media
773 3841 858 3907 inter
872 3841 990 3934 jugera
1010 3839 1139 3911 sulcum

304 3962 433 4028 Taurus
449 3961 552 4047 iners,
571 3959 723 4055 colloque
740 3962 859 4055 jugam
879 3958 1026 4030 deforme
1045 3966 1183 4034 remisso
