2774 5256
325 418 380 474 160
610 388 837 470 'ramamos
857 411 965 468 cmm
986 411 1035 467 ut
1253 427 1294 488 (v.
1309 427 1374 494 su.)

320 538 416 608 lllam
438 552 605 606 nutantem
624 562 759 623 nemus,
778 550 812 605 et
827 560 923 603 mons
941 537 1010 629 ipse
1029 535 1221 622 tremiscit,

321 659 398 747 Qua
416 656 531 726 tellure
549 656 664 745 cadat,
684 681 766 749 quas
784 655 905 724 obruat
923 655 1040 724 ordine
1061 652 1182 724 silvas.

370 781 447 848 Non
465 792 572 846 tamen
592 790 651 845 aut
666 800 796 864 ensem,
815 774 982 870 galeamve
1002 772 1145 843 audacia
1166 775 1336 869 cuiquam

322 901 468 990 Tangere
485 923 493 964 :
510 898 565 964 vix
585 893 726 964 credunt
742 892 867 982 oculis,
889 893 1104 988 ingentiaque
1123 893 1282 963 horrent

323 1021 471 1101 Funera,
490 1032 524 1084 et
538 1015 703 1085 adstrictis
718 1013 880 1084 accedunt
898 1014 1047 1083 cominus
1067 1013 1189 1081 armis.

321 1135 471 1204 Tandem
491 1134 572 1205 adiit
588 1137 758 1229 Hypseus,
777 1131 997 1228 capulumque
1017 1132 1052 1199 in
1068 1146 1185 1201 morte
1205 1136 1338 1204 tenenti

322 1256 492 1342 Extrahit,
509 1270 543 1324 et
559 1269 672 1323 torvos
689 1252 813 1322 laxavit
828 1252 953 1322 casside
973 1249 1103 1320 vultris:

322 1377 418 1467 Itque
436 1398 496 1468 per
513 1374 637 1442 Aonios
657 1370 722 1442 alte
742 1396 901 1442 mucrone
919 1396 1055 1441 corusco

322 1497 521 1586 Suspensam
535 1506 702 1561 ostentans
719 1489 866 1585 galeam,
886 1504 919 1559 et
938 1488 1083 1560 clamore
1103 1492 1288 1585 superbit:

323 1642 340 1676 a
352 1614 416 1681 Hic
434 1612 522 1680 ferus
540 1608 773 1704 Hippomedon
793 1634 802 1677 t
823 1609 877 1678 hic
898 1608 1116 1680 formidabilis
1134 1609 1237 1682 ultor

322 1731 450 1824 Tydeos
469 1728 613 1816 infandi,
632 1727 881 1823 debellatorque
898 1730 1026 1798 cruenti

323 1850 511 1943 Gurgitis.»
528 1850 674 1942 Agnovit
692 1846 807 1942 longe,
825 1849 1010 1942 pressitque
1028 1845 1187 1919 dolorem

324 1968 557 2063 Magnanimus
575 1970 767 2061 Capaneus,
786 1965 953 2062 telumque
970 1969 1114 2037 immane
1130 1966 1265 2042 lacerto

325 2093 484 2157 Hortatur
502 2086 650 2157 librans:
671 2086 785 2178 «Ades
803 2112 824 2156 0
843 2089 943 2176 mihi,
962 2087 1116 2177 dextera,
1135 2104 1276 2162 tantmn

323 2211 374 2274 Tu
392 2232 533 2301 praesens
548 2205 660 2294 bellis,
678 2222 712 2274 et
732 2204 922 2276 inevitabile
938 2231 1078 2295 numen,

323 2328 370 2392 Te
385 2350 486 2410 voco,
507 2341 539 2392 te
556 2323 660 2392 solam
680 2327 844 2419 Superum
862 2340 1048 2395 contemtor
1066 2327 1190 2399 adoro.
1206 2360 1224 2394 n

370 2443 425 2510 Sic
443 2443 504 2525 ait,
525 2454 558 2509 et
576 2444 645 2509 voti
665 2466 734 2510 sese
752 2441 831 2511 facit
851 2445 920 2538 ipse
939 2461 1116 2540 potentem.

322 2564 353 2629 lt
371 2558 586 2628 tremebunda
604 2560 692 2628 abies
711 2559 861 2655 clypeum
882 2589 940 2658 per
959 2581 990 2633 et
1010 2590 1094 2635 aerea
1113 2582 1214 2666 terga

322 2682 465 2766 Loricae,
484 2677 681 2773 tandemque
700 2683 845 2750 animam
865 2685 926 2752 sub
946 2700 1078 2778 pectore
1100 2712 1233 2783 magno

324 2799 530 2892 Deprendit:
550 2801 617 2867 ruit
635 2799 724 2868 haud
743 2800 809 2871 alio
827 2828 925 2896 quam
941 2803 1023 2873 celsa
1044 2805 1182 2901 fragore

323 2920 455 3003 Turris,
477 2919 533 2985 ubi
554 2918 745 2988 innumeros
760 2923 889 3013 penitus
905 2939 1055 3016 quassata
1074 2951 1137 3020 per
1154 2929 1246 3000 ictus

324 3038 472 3125 Labitur,
491 3036 723 3131 effractamque
741 3042 848 3133 aperit
863 3043 1040 3112 victoribus
1057 3046 1191 3118 urbem.

322 3158 385 3225 Cui
408 3181 507 3251 super
527 3157 693 3244 assistens,
713 3161 818 3226 «Non
838 3159 1017 3228 infitiamur
1037 3162 1203 3255 honorem

322 3278 458 3360 Mortis,
478 3278 524 3346 ait
544 3301 552 3342 :
571 3277 655 3344 neser
675 3277 740 3344 huc
760 3275 889 3364 oculos,
911 3304 972 3372 ego
990 3279 1136 3351 vulneris
1152 3302 1285 3357 auctor.

324 3396 430 3460 letus
450 3395 523 3480 abi,
543 3393 749 3488 multumque
764 3394 834 3464 aliis
848 3399 1027 3489 jactantior
1044 3401 1215 3474 umbris.»

320 3515 414 3580 Tunc
433 3537 563 3599 ensem,
585 3513 776 3610 galeamque
791 3518 895 3612 rapit,
915 3516 1132 3613 clypeumque
1151 3526 1288 3597 revellit

321 3631 442 3722 ipsius,
462 3634 710 3728 exanimemque
728 3650 843 3704 teneus
863 3661 961 3731 super
978 3640 1273 3736 Hippomedonta,

320 3751 486 3841 «Accipe,
506 3753 568 3839 ait,
586 3753 683 3822 simul
704 3753 855 3842 hostiles,
875 3754 941 3824 dux
960 3783 1096 3852 magne,
1116 3776 1267 3860 tuasque

320 3869 489 3936 Exuvias:
509 3874 617 3941 veniet
634 3876 735 3943 cineri
752 3874 867 3961 decus,
890 3891 922 3945 et
941 3903 1019 3947 suus
1040 3880 1124 3950 ordo

319 3988 474 4057 Manibus
495 4014 502 4056 :
525 3991 648 4060 interea
663 3995 770 4085 justos
790 3995 869 4063 dum
887 3996 1054 4068 reddimus
1073 4000 1188 4095 ignee,
1233 4012 1237 4021 '
