2812 5258
83 377 186 441 (ωε.)
334 374 337 378 ’
412 372 623 429 Tffltttnlltos
647 364 755 428 LIBER
778 374 813 426 v.
935 438 938 441 ,
1091 373 1124 428 31

85 504 151 570 Dic
167 501 241 594 quis
258 514 291 567 et
313 495 365 566 ille
384 499 498 592 poteri
516 500 732 590 nequeenim
752 497 811 566 tibi
831 501 968 566 numina
988 497 1103 593 longe,

84 621 268 689 Transierit
287 617 420 688 fortuna
436 616 513 687 licet
530 644 538 686 :
560 618 732 711 majorque
749 642 811 712 per
825 641 884 686 ora

84 741 244 834 Sanguis,
263 753 295 806 et
313 737 436 807 afflicto
454 738 558 832 spirat
576 739 761 806 reverentia
781 735 915 805 vultu.»

132 861 291 954 Ingemit,
310 873 344 927 et
361 857 510 952 paullum
527 859 605 927 fletu
623 872 777 927 cunctata
796 857 945 925 modesto

84 981 239 1049 Lemnias
258 1004 334 1047 orsa
352 977 450 1047 refert
470 1004 477 1046 :
498 1007 515 1042 n
528 980 689 1046 Immania
704 976 860 1064 vulnera,
880 992 1006 1061 rector,

83 1103 253 1192 integrare
268 1099 385 1192 jubes,
405 1098 525 1184 furias,
547 1111 581 1166 et
601 1100 770 1183 Lemnon,
791 1111 825 1165 et
842 1099 940 1166 arctis

84 1223 185 1290 Arma
205 1221 327 1288 inserta
347 1221 446 1303 toris,
466 1216 711 1311 debellatosque
730 1216 885 1310 pudendo

85 1342 173 1408 Ense
192 1364 299 1407 mares
320 1366 328 1407 ε
352 1337 440 1406 redit
457 1361 532 1406 ecce
552 1336 659 1423 nefas,
680 1351 712 1404 et
731 1335 850 1430 frigida
868 1335 960 1404 cordi

83 1461 267 1529 Eumenis:
288 1484 308 1526 o
328 1459 473 1541 miserae,
490 1457 610 1550 quibus
629 1457 683 1525 hic
699 1455 793 1524 ferror
811 1450 957 1523 additus!
978 1479 999 1523 ο
1018 1451 1099 1523 nox!

83 1581 115 1648 Ο
135 1575 245 1672 pater!
268 1575 325 1646 illa
342 1602 403 1672 ego
422 1602 496 1645 sum
516 1575 723 1672 (pudeatne
744 1575 829 1645 forte
847 1576 997 1669 benignae

81 1676 274 1792 Hospitis),
293 1696 365 1781 illa,
385 1697 503 1785 duces,
522 1712 654 1792 raptum
672 1722 745 1790 quae
763 1695 832 1765 sola
850 1710 1022 1790 parentem
1088 1686 1092 1697 ’

83 1817 224 1887 Occului
246 1844 253 1885 :
274 1818 353 1910 quid
372 1816 473 1911 longa
486 1816 580 1885 malis
599 1817 733 1885 exordia
750 1815 869 1885 necto?

80 1942 126 2007 Et
144 1963 202 2004 vos
222 1961 313 2004 arma
331 1950 471 2021 vocant,
490 1937 667 2028 magnique
686 1937 721 2003 in
740 1935 838 2004 corde
856 1951 1000 2029 paratus.

82 2062 157 2126 Hoc
177 2080 377 2124 memorasse
396 2070 447 2123 sat
466 2071 532 2140 est;
553 2054 644 2149 claro
661 2071 815 2150 generata
835 2056 1002 2142 Thoante,

80 2178 261 2245 Servitium
280 2173 460 2268 Hypsipyle
479 2177 577 2244 vestri
599 2174 668 2243 fero
687 2191 783 2269 capta
804 2177 987 2270 Lycurgi.»

129 2295 312 2366 Advertere
331 2297 477 2378 animos,
497 2296 686 2389 majorque,
705 2311 737 2364 et
755 2296 882 2364 honora
905 2294 1007 2382 videri

80 2419 210 2509 Parque
228 2417 319 2509 operi
339 2429 431 2484 tanto
449 2441 457 2482 ε
475 2417 603 2484 cunctis
623 2430 701 2484 tunc
717 2440 852 2485 noscere
870 2440 964 2485 casus

82 2539 184 2606 Ortus
201 2561 295 2604 amor
312 2563 320 2604 z
338 2552 433 2630 pater
451 2551 526 2605 ante
545 2534 626 2605 alios
646 2536 798 2607 hortatur
814 2536 985 2607 Adrastus.

128 2687 145 2721 a
157 2661 264 2727 lmmo
282 2682 360 2751 age,
380 2656 460 2725 dum
481 2658 577 2749 primi
598 2655 696 2751 longe
715 2657 832 2727 damus
857 2657 990 2750 agmina
1010 2655 1122 2749 vulgi,

80 2777 149 2845 Nec
168 2775 270 2844 facilis
291 2778 416 2845 Nemee
435 2773 517 2845 latas
535 2774 685 2844 evolvere
703 2777 808 2863 vires,

46 2934 51 2941 ·
80 2895 213 2991 Quippe
228 2895 362 2964 obtenta
377 2897 498 2979 comis,
516 2910 549 2964 et
567 2892 785 2965 ineluctabilis
805 2894 941 2981 umbra,

78 3015 191 3085 Pande
209 2999 516 3108 nefas,·laudesque
533 3032 623 3101 tuas,
645 3015 853 3109 gemitusque
871 3029 1023 3099 tuorum,

79 3135 177 3206 Unde
192 3136 254 3205 hos
272 3135 427 3206 advenias
445 3162 549 3231 regno
569 3136 696 3230 dejecta
714 3135 854 3206 labores.

77 3253 184 3324 Dulce
204 3255 295 3350 loqui
315 3257 461 3342 miseris,
484 3272 675 3349 veteresque
695 3255 856 3326 reducere
874 3273 1048 3350 questus.»

127 3377 247 3469 incipit
268 3402 276 3444 :
299 3405 316 3440 a
329 3378 442 3470 AEgaeo
461 3378 625 3469 premitur
643 3375 835 3446 circumflua
856 3379 966 3446 Nereo

78 3495 238 3579 Lemnos,
257 3497 314 3564 ubi
336 3496 476 3590 ignifera
497 3496 598 3566 lessus
615 3498 754 3591 respirat
770 3498 812 3566 ab
828 3499 927 3567 AEtna

11 3654 16 3719 3
76 3612 269 3684 Mulciber:
287 3617 412 3709 ingenti
430 3615 582 3687 tellurem
600 3619 769 3712 proximus
786 3619 903 3688 umbra

76 3734 187 3803 Vestit
206 3733 328 3822 Athos,
349 3760 590 3830 nemorumque
609 3738 764 3808 obscurat
782 3741 925 3834 imagine
944 3756 1094 3832 pontum.

75 3852 221 3923 limaces
238 3870 334 3922 arant
351 3872 466 3929 contra
483 3884 490 3925 :
508 3857 673 3931 Thracum
694 3858 805 3930 fatalia
821 3860 916 3929 nobis

73 3970 210 4061 Litora,
229 3986 262 4041 et
280 3971 357 4043 inde
373 3975 474 4049 netas.
492 3976 648 4048 Florebat
663 3978 754 4049 dives
770 3978 913 4049 alumnis
