2812 5258
339 438 395 494 236
645 436 856 491 Tuusunos
878 436 987 491 LIBER
1008 436 1060 491 111.
1262 436 1385 497 (rdet.)

338 563 548 656 Amphiarae,
566 561 671 645 vides,
688 585 802 627 cursus
818 575 856 626 ut
873 558 965 626 nulla
982 583 1115 627 serenes

339 681 413 750 Ales
432 682 530 776 agat?
546 680 736 775 liquidoque
752 678 867 772 polum
883 677 1054 771 complexa
1074 692 1185 746 meatu

339 801 505 871 Pendeat?
519 816 578 870 aut
590 802 718 895 fugiens
732 799 894 894 placabile
910 797 1073 891 planxerit
1091 796 1217 867 omen?

339 926 416 993 Non
430 946 539 991 comes
551 921 711 990 obscurus
730 919 915 1012 tripodum,
932 942 1001 986 non
1015 915 1162 985 fulminis
1175 916 1309 989 ardens

337 1046 460 1111 Vector
478 1042 588 1127 adest,
607 1040 764 1132 flavaeque
781 1062 901 1107 sonans
921 1038 989 1105 avis
1005 1062 1090 1105 unca
1105 1037 1296 1126 utinm,

338 1163 416 1231 Non
435 1162 526 1228 venit
545 1161 691 1253 auguriis
706 1157 822 1226 melior
836 1183 844 1224 ε
858 1158 938 1248 quin
957 1154 1079 1241 vultur,
1095 1170 1130 1223 et
1146 1153 1228 1225 altis

337 1286 487 1375 Desuper
503 1282 675 1372 accipitres
691 1278 881 1347 exultavere
897 1278 1030 1372 rapinis.

337 1404 488 1469 Monstra
505 1399 631 1486 volant,
652 1399 731 1466 dirae
752 1397 892 1466 strident
910 1399 943 1465 in
963 1397 1051 1465 nube
1063 1396 1235 1488 volucres,

338 1521 581 1612 Nocturnaeque
598 1532 735 1611 gemunt
752 1519 885 1610 striges,
900 1531 933 1585 et
949 1513 1063 1584 seralia
1078 1517 1170 1585 bubo

337 1644 466 1708 Damna
478 1664 614 1726 canens;
631 1662 702 1731 qnae
719 1640 826 1730 prima
838 1641 945 1706 Deum
965 1651 1120 1730 portenta
1135 1642 1348 1733 sequemur?

337 1760 438 1826 Hisne
454 1758 543 1843 dari,
560 1758 769 1850 Thymbraee,
789 1756 927 1849 polum?
945 1755 1042 1826 simul
1057 1782 1116 1826 ora
1133 1782 1286 1831 recurro

336 1880 457 1971 Ungue
475 1891 585 1946 secant
603 1875 738 1963 rabidae,
758 1873 994 1969 planctumque
1010 1877 1223 1947 imitantibus
1240 1878 1306 1949 alis

336 1998 513 2089 Exagitant
527 1996 712 2090 Zephyros,
730 2009 764 2062 et
778 1994 910 2087 plumea
928 2010 1059 2088 pectora
1078 1994 1228 2067 caedunt.
1240 2030 1260 2063 ι

385 2113 445 2183 Ille
461 2116 521 2183 sub
539 2117 608 2183 lraec
627 2141 635 2182 :
653 2115 841 2208 «Equidem
860 2116 956 2199 varii,
974 2128 1078 2208 pater,
1097 2116 1217 2187 omina
1232 2120 1349 2189 Phoebi

340 2236 431 2326 Saepe
447 2233 523 2320 tuli3
540 2236 607 2327 jam
626 2251 705 2303 tunc
725 2238 831 2327 prima
848 2260 951 2326 quum
972 2236 1059 2328 pube
1074 2236 1243 2307 virentem

338 2352 504 2421 Semideos
521 2355 606 2421 inter
624 2357 722 2446 pinus
739 2378 791 2422 me
809 2353 964 2424 Thessala
979 2379 1072 2447 reges

335 2475 501 2556 Duceret;
516 2473 571 2540 hic
586 2497 680 2540 casus
701 2488 860 2566 terraeque
879 2475 1042 2567 mnrisque
1056 2492 1235 2547 canentem

336 2594 545 2687 Obstupuere
563 2592 675 2677 duces3
693 2617 753 2661 nec
771 2618 823 2661 me
840 2610 978 2663 ventura
996 2595 1110 2665 locuto

337 2714 465 2806 Saepius
481 2715 515 2780 in
533 2711 640 2781 dubiis
660 2711 791 2781 auditus
805 2717 924 2782 Jasone
937 2716 1101 2807 Mopsus:

335 2832 400 2900 Sed
421 2832 541 2900 similes
559 2858 625 2900 non
642 2847 719 2901 ante
736 2847 862 2917 metus,
881 2849 939 2903 aut
956 2848 1043 2903 nstra
1060 2837 1181 2907 notavi

334 2951 526 3045 Prodigiosa
541 2954 660 3045 magis;
682 2977 870 3044 quanquam
889 2955 1014 3045 majora
1035 2971 1210 3048 parantur.

333 3075 407 3139 Huc
425 3070 559 3140 adverte
578 3073 724 3140 animum
742 3099 750 3140 ε
767 3070 854 3141 clara
871 3075 1004 3168 regione
1018 3075 1181 3166 profundi

333 3193 500 3273 AEtheros‚
521 3193 685 3261 innumeri
702 3208 887 3261 statuerunt
902 3196 1032 3288 agmina
1050 3196 1145 3288 cycni
1163 3221 1174 3265 t

333 3311 406 3376 Sive
424 3304 483 3377 hos
501 3314 688 3401 Strymonia
704 3317 824 3382 Boreas
841 3314 935 3405 ejecit
951 3313 991 3382 ab
1008 3318 1124 3403 Arcto,

332 3430 395 3495 Seu
412 3427 562 3495 soecunda
583 3431 683 3498 refert
700 3432 820 3523 placidi
836 3431 1008 3503 clementia
1027 3433 1108 3505 Nili.

331 3546 490 3615 Fixerunt
505 3570 620 3615 cursus
637 3574 646 3615 ε
664 3550 813 3619 haerere
830 3552 862 3618 in
885 3552 1028 3646 imagine
1043 3555 1204 3629 Thebas:

331 3667 417 3735 Nam
435 3691 502 3735 sese
519 3667 644 3734 immoti
663 3692 761 3761 gyro,
781 3684 880 3762 atque
896 3672 929 3739 in
948 3698 1029 3766 pace
1045 3673 1200 3768 silentes,

331 3788 401 3853 Ceu
420 3788 544 3873 muris,
566 3785 718 3879 valloque
737 3801 850 3858 tenent
867 3816 875 3857 :
893 3792 949 3860 sed
968 3794 1084 3862 fortior
1100 3820 1182 3867 ecce

331 3905 495 3977 Adventat
511 3932 570 4000 per
585 3908 681 3976 inane
698 3908 816 3977 cohors
834 3936 842 3976 ε
866 3929 989 4006 septem
1002 3912 1121 3984 ordine
1132 3916 1234 3991 fulvo

331 4029 518 4121 Armigeras
538 4030 657 4097 summi
671 4031 761 4098 lovis
780 4031 963 4102 exsultante
976 4048 1109 4104 caterva
