2812 5258
182 424 199 479 6
542 425 713 479 P..PUBLII
733 423 853 477 STATll
1131 431 1210 482 (··80·l

181 552 232 617 Tu
252 548 348 617 civile
368 548 474 633 nefas,
495 561 530 617 tu
549 547 679 616 tardum
698 548 731 614 in
752 547 873 615 foedera
892 560 1036 614 montem

182 670 300 762 Longo
317 671 426 736 Marte
441 667 553 735 domas
570 693 578 733 :
596 665 729 759 quodsi
750 679 782 733 te
801 679 912 733 nostra
930 664 1079 732 tulissent

184 785 323 875 Saecula,
343 800 516 871 tentasses,
535 808 588 853 me
608 809 674 852 non
695 784 852 870 audente,
871 782 1050 876 profundos

183 907 237 973 Ire
255 904 344 974 lacus
362 930 370 971 :
390 903 445 971 sed
465 907 570 972 Roma
589 916 661 970 tuas
683 905 837 970 tenuisset
856 903 1007 970 habenas.
1022 930 1038 964 »

233 1020 337 1091 Cedat
356 1045 479 1114 equus,
496 1023 598 1089 Latiae
616 1023 673 1114 qui
692 1035 806 1089 contra
828 1019 948 1112 templa
965 1020 1101 1105 Diones,

184 1140 321 1209 Caesarei
340 1152 405 1207 stat
424 1138 500 1207 sede
520 1139 581 1207 fori
601 1140 722 1233 (quem
744 1139 872 1207 tradere
891 1163 924 1206 es
942 1162 1039 1205 ausus

183 1256 314 1344 Pellaeo,
333 1258 495 1351 Lisyppe,
517 1258 607 1343 duci,
628 1282 705 1325 mox
722 1259 858 1326 Caesaris
879 1281 936 1324 ora

185 1378 310 1445 Aurata
327 1377 453 1444 cervice
472 1373 587 1469 tulit);
606 1377 659 1443 vix
681 1376 805 1444 lumine
826 1377 908 1444 fesso

184 1492 344 1586 Explores
363 1517 461 1586 quam
481 1492 599 1589 longus
616 1497 650 1561 in
670 1495 759 1562 hunc
776 1495 945 1587 despectus
965 1493 1006 1559 ab
1026 1490 1093 1559 illo.

183 1613 269 1701 Quis
287 1612 379 1680 rudis
396 1637 499 1705 usque
517 1613 619 1700 adeo,
638 1616 695 1704 qui
717 1639 804 1699 non,
825 1627 862 1679 ut
881 1611 1000 1679 viderit
1016 1611 1149 1693 ambos,

183 1734 326 1799 Tantum
345 1730 431 1798 dicat
448 1755 569 1824 equos,
587 1746 747 1825 quantum
765 1732 884 1799 distare
901 1728 1075 1823 regentes?

183 1851 262 1920 Non
281 1848 345 1918 hoc
362 1849 543 1918 imbriferas
563 1851 696 1943 hyemes
715 1873 813 1942 opus,
833 1863 890 1917 aut
908 1850 997 1915 Jovis
1018 1849 1127 1940 ignem

183 1969 431 2062 Tergeminum,
449 1968 544 2036 AEolii
566 1994 633 2037 non
654 1970 785 2063 agmina
803 1969 941 2036 carceris
959 1967 1087 2050 horret,

184 2090 399 2155 Annorumve
419 2112 542 2174 moras,
562 2088 660 2155 stabit
679 2087 758 2156 dum
780 2100 866 2155 terra
885 2084 1065 2180 polusque,

183 2208 272 2274 Dum
292 2210 442 2274 Romana
462 2207 539 2275 dies.
558 2211 632 2275 Huc
651 2222 684 2276 et
703 2207 763 2275 sub
784 2220 879 2274 nocte
898 2202 1026 2287 silenti,

183 2324 269 2392 Cum
288 2327 414 2418 superis
433 2339 563 2393 terrena
584 2326 729 2419 placent,
746 2339 802 2391 tua
820 2322 917 2391 turba
936 2322 1050 2391 relicto

185 2442 330 2509 Labetur
345 2441 442 2527 eoelo,
462 2441 675 2534 miscebitque
693 2439 802 2508 oscula
819 2444 912 2535 juxta
933 2469 941 2509 ε

182 2560 248 2628 Ibit
266 2561 301 2627 in
320 2556 489 2652 amplexus
506 2572 616 2646 natus,
635 2559 820 2651 fraterque,
843 2576 1014 2654 paterque,

183 2682 227 2747 Et
246 2703 365 2747 soror:
387 2701 454 2746 una
473 2676 582 2746 locum
601 2679 711 2746 cervix
729 2678 820 2749 dabit
840 2681 993 2748 omnibus
1011 2683 1116 2750 astris.

184 2800 287 2866 Utere
300 2811 496 2890 perpetuum
516 2795 630 2891 populi
649 2799 823 2891 magnique
843 2814 973 2868 senatus

185 2918 325 2983 Munere
344 2941 352 2982 :
374 2913 517 3009 Apelleae
536 2932 693 3009 cuperent
714 2932 745 2985 te
763 2919 904 2986 scribere
923 2944 1023 3006 cerae,

186 3036 404 3127 Optassetque
422 3058 510 3102 novo
529 3033 667 3104 similem
689 3052 721 3106 te
741 3062 865 3132 ponere
885 3039 1008 3133 templo

187 3154 316 3221 Atticus
333 3151 411 3222 Elaei
430 3154 541 3221 senior
556 3156 666 3241 Jovis3
687 3170 719 3224 et
740 3170 796 3225 tua
816 3159 904 3227 mitis

187 3274 256 3342 Ora
275 3274 392 3360 Taras,
411 3286 468 3342 tua
487 3272 628 3342 sidereas
646 3276 808 3344 imitantia
827 3277 974 3346 flammas

186 3390 349 3477 Lumina,
366 3404 556 3486 contempto
576 3393 687 3463 mallet
704 3397 838 3465 Rhodos
856 3421 971 3491 aspera
987 3398 1121 3468 Phoebo.

187 3510 305 3577 Certus
321 3533 410 3578 ames
426 3522 546 3597 terras,
566 3524 598 3580 et
617 3537 689 3605 quae
709 3514 769 3581 tibi
789 3515 910 3609 templa
928 3517 1072 3585 dicamus

188 3630 262 3721 Ipse
278 3626 366 3696 oolas
386 3653 393 3696 :
415 3653 475 3697 nee
493 3644 526 3697 te
541 3627 613 3698 eoeli
628 3631 720 3723 juvet
740 3630 831 3717 aula3
848 3648 984 3727 tuosque

190 3749 297 3815 Laetus
314 3747 392 3814 huic
410 3746 497 3816 dono
517 3747 627 3817 videas
645 3747 723 3817 dare
742 3764 813 3819 tura
833 3766 976 3846 nepotes.
