2812 5258
295 411 351 466 ηε
588 407 797 463 ruenunos
818 407 927 461 menn
949 408 1001 462 xi.
1211 407 1325 472 (eus.)

292 540 366 604 lam
388 549 494 602 tacet:
514 547 690 625 erumpunt
708 532 868 625 gemitus,
888 530 1112 625 lacrymasque
1132 531 1256 601 latetur

294 655 402 723 cassis
420 679 428 720 ε
447 653 566 720 hebent
584 652 639 718 irae
656 676 664 718 ε
681 652 870 743 pariterque
886 665 919 719 et
937 651 1026 718 abire
1045 666 1239 743 nocentem,

295 777 339 842 Et
357 775 482 840 venisse
501 769 621 864 pudet3
638 769 748 839 subito
767 793 870 862 quum
886 784 989 838 matre
1010 769 1142 863 repulsa

293 892 448 961 Eumenis
465 891 560 984 ejecit
578 889 689 958 fractis
709 885 865 958 Eteoclea
883 889 987 982 portis

293 1012 515 1095 Clementem,
530 1042 548 1079 α
559 1015 684 1096 Venio,
700 1008 892 1103 solumque,
909 1010 998 1104 quod
1015 1026 1091 1080 ante
1110 1015 1250 1099 vocasti,

293 1131 429 1200 Invideo
446 1158 454 1199 τ
473 1156 515 1201 ne
532 1133 658 1201 incesse
674 1155 803 1217 moras,
821 1131 931 1224 gravis
948 1157 1038 1199 arma
1058 1132 1190 1200 tenebat

292 1254 424 1321 Mater:
443 1254 475 1321 io
494 1254 622 1346 patria,
639 1277 660 1320 o
681 1277 796 1346 regum
814 1253 1030 1321 incertissima
1047 1249 1161 1335 tellus,

292 1372 391 1439 Nunc
408 1387 498 1440 certe
518 1373 650 1442 victoris
668 1373 742 1440 eris.
759 1400 775 1435 n
792 1371 863 1441 Nec
882 1373 994 1440 mitior
1011 1369 1081 1460 ille,

291 1491 473 1576 «Tandem,
481 1493 599 1586 inquit,
607 1493 781 1579 seis,saeve,
788 1491 1163 1562 fidemletdescendisin
1172 1497 1323 1588 aequum?

293 1613 324 1680 Ο
341 1610 422 1678 mihi
441 1635 529 1681 nnnc
547 1612 691 1704 primum
709 1608 809 1704 longo
827 1625 903 1704 post
921 1626 1068 1704 tempore
1087 1613 1199 1701 frater,

292 1728 502 1823 Congredere
516 1755 525 1827 ς
541 1730 590 1799 lue
607 1729 712 1823 leges,
732 1730 802 1797 lroec
822 1728 944 1798 foedera
962 1728 1031 1798 sola
1051 1750 1239 1825 supersunt.
1258 1767 1275 1799 »

340 1850 394 1918 Sic
410 1848 530 1919 hostile
549 1865 644 1919 tuens
661 1849 822 1918 fratrem:
844 1873 987 1942 namque
1008 1852 1115 1919 uritur
1134 1850 1201 1920 alto

292 1971 420 2057 Corde,
438 1969 529 2063 quod
547 1971 712 2040 innumeri
729 1971 884 2057 comites,
901 1969 991 2064 quod
1009 1973 1100 2065 regia
1120 1975 1239 2059 cassis,

292 2093 520 2183 lustratusque
537 2106 629 2159 ostro
647 2091 795 2183 sonipes,
814 2088 905 2182 quod
924 2088 1015 2159 fulva
1034 2089 1165 2160 metallo

293 2213 412 2287 Parma
428 2211 525 2279 micet
539 2235 547 2279 ε
561 2234 749 2303 quanquam
767 2210 855 2279 haud
872 2211 974 2279 armis
988 2211 1171 2280 inhonorus
1187 2213 1324 2304 etipse,

292 2331 362 2398 Nec
381 2328 468 2422 palla
486 2327 622 2423 vulgare
643 2330 751 2397 nitens
769 2352 879 2420 :opus
899 2330 970 2421 ipsa
988 2345 1126 2399 novarat

292 2448 444 2518 Maeoniis
463 2449 565 2541 Argia
587 2445 712 2532 modis,
729 2459 762 2513 et
778 2444 896 2538 pollice
914 2445 1012 2514 docto

292 2568 438 2636 Stamina
457 2588 629 2659 purpureoe
647 2564 827 2634 sociaverat
843 2589 943 2634 aurea
963 2563 1044 2634 telie.

338 2690 476 2779 Jamque
495 2687 529 2758 io
547 2683 740 2779 pulvereum
756 2687 863 2755 Furiis
880 2686 1090 2757 hortantibus
1111 2712 1223 2781 aequor

292 2805 495 2876 Prosiliunt:
513 2832 573 2877 sua
590 2832 753 2900 quemque
771 2833 879 2878 comes
895 2805 1118 2900 stimulatque,
1136 2810 1297 2903 regitque.

293 2931 398 2994 Frena
417 2940 530 2996 tenent
546 2929 642 3020 ipsae,
660 2927 892 3020 phalerasque,
909 2941 943 2994 et
959 2924 1067 2994 lucida
1083 2944 1219 2996 comunt

292 3054 392 3115 Arma
412 3073 530 3134 manu,-
547 3048 721 3141 mixtisque
737 3050 831 3141 jubas
849 3048 1056 3139 serpentibus
1075 3064 1206 3142 augent.

257 3242 260 3247 ,
292 3169 364 3235 Stat
381 3168 661 3263 consanguineum
680 3191 795 3259 campo
814 3164 936 3253 scelus,
958 3170 1055 3236 nnius
1076 3171 1190 3263 ingens

291 3284 419 3355 Bellum
437 3291 546 3373 uteri,
567 3302 753 3379 coeuntque
772 3309 865 3378 pares
882 3287 944 3353 sub
964 3289 1088 3356 casside
1105 3287 1226 3357 vultus.

292 3406 394 3499 Signa
409 3420 534 3493 tacent,
552 3405 671 3475 siluere
690 3405 794 3492 tube,
812 3405 1059 3499 stupefactaque
1075 3409 1192 3476 Martis

291 3527 450 3593 Cornua:
471 3541 521 3595 ter
538 3527 640 3619 nigris
658 3524 775 3592 avidus
795 3540 950 3619 regnator
969 3528 1010 3594 ab
1028 3529 1095 3594 oris

292 3644 460 3727 Intonuit,
479 3659 593 3737 terque
612 3645 678 3712 ima
695 3643 756 3712 soli
773 3646 960 3731 concussit,
976 3660 1008 3714 et
1025 3648 1085 3740 ipsi

290 3766 467 3832 Armorum
483 3762 596 3855 lugere
612 3765 674 3833 Dei
692 3789 700 3831 :
721 3788 884 3856 nusquam
899 3763 1021 3858 inclyta
1038 3767 1153 3836 Virtus
1170 3795 1177 3834 ε

291 3882 453 3952 Restiuxit
471 3880 606 3951 Bellona
625 3882 729 3970 laevem
753 3882 918 3978 longeque
934 3900 1089 3978 paventes

291 4004 381 4070 Mars
401 4005 509 4096 rapuit
529 4028 663 4092 currus,
685 4021 716 4073 ct
733 4008 891 4095 Gorgone
910 4005 1010 4073 cruda
1030 4007 1141 4099 virago
