2812 5258
96 527 116 552 a.
129 512 155 564 ι.)
413 499 602 556 snvsnuu
621 498 730 555 nuum
750 500 785 552 11.

89 620 1113 650 mmmmm

578 948 631 1031 V.

336 1231 431 1298 LEO
456 1229 754 1297 MANSUETUS
778 1229 877 1295 IMP.

145 1904 243 1989 Quin
263 1903 322 1968 tibi
340 1917 505 1970 constrata
523 1929 746 1973 mansuescere
766 1905 890 1997 profuit
909 1904 981 1970 ira?

102 2019 193 2107 Quid
214 2018 332 2103 scelus,
350 2019 574 2111 humanasque
593 2023 703 2089 animo
723 2022 885 2090 dediscere
900 2021 1021 2103 caedes,

102 2139 347 2231 Imperiumque
363 2139 447 2228 pati,
468 2151 500 2205 et
519 2137 653 2205 domino
673 2162 787 2230 parere
801 2138 946 2205 minori?

101 2254 208 2343 Quid,
227 2254 315 2347 quod
333 2255 425 2321 abire
445 2254 558 2340 domo,
575 2279 752 2347 rursusque
768 2257 802 2322 in
822 2253 962 2322 claustra
983 2256 1100 2321 reverti

100 2377 233 2458 Suetus,
253 2387 286 2441 et
302 2398 320 2440 a
339 2386 434 2466 capte
450 2375 518 2466 jam
538 2387 655 2465 sponte
670 2373 820 2441 recedere
839 2371 962 2466 preda,

103 2496 310 2584 Incertasque
325 2515 440 2559 manus
459 2489 533 2558 laxo
552 2489 717 2559 dimittere
738 2489 874 2559 morsu?

150 2609 298 2693 Occidis,
317 2607 457 2676 altarum
475 2622 618 2676 vastator
636 2633 718 2678 aaeve
738 2608 882 2675 ferarum
892 2659 902 2693 ,

104 2732 180 2798 Non
201 2752 300 2822 grege
314 2725 474 2818 Massylo,
490 2750 657 2818 curvaque
671 2726 827 2818 indagine
845 2724 988 2810 clausus,

104 2850 180 2916 Non
196 2845 370 2914 formidato
389 2870 488 2943 supra
502 2843 664 2913 venabula
682 2843 767 2912 saltu

105 2969 242 3051 lucitus,
260 2978 317 3033 aut
334 2989 417 3032 caeco
435 2964 535 3031 fovere
550 2963 704 3055 deceptus
722 2964 829 3047 hiatu,

106 3085 170 3154 Sed
184 3086 289 3152 victus
309 3084 455 3177 fugiente
470 3082 558 3168 fera;
575 3096 638 3150 stet
656 3082 787 3151 cardine
806 3096 920 3175 aperto

107 3204 225 3273 Infelix
240 3228 358 3288 caves,
376 3217 410 3271 et
427 3200 545 3271 clausis
565 3203 688 3268 circum
708 3200 854 3303 undique
873 3201 975 3293 portis

110 3327 179 3391 Hoc
198 3323 325 3391 licuisse
341 3322 432 3390 nefas
447 3321 559 3415 pavidi
579 3321 717 3388 timuere
736 3318 855 3387 leones.

111 3443 204 3508 Tunc
219 3443 343 3509 cunctis
362 3440 508 3509 cecidere
524 3439 634 3532 jubae,
654 3438 836 3531 puduitque
853 3436 992 3506 relatum

113 3560 281 3650 Aspicere‚
299 3573 331 3626 et
350 3572 458 3627 torvas
478 3558 599 3627 duxere
619 3555 797 3625 inlumina
816 3556 948 3623 frontes.

42 3764 49 3773 ι
114 3678 158 3743 At
178 3688 209 3742 te
226 3700 294 3742 non
309 3677 416 3767 primo
432 3677 542 3746 fusum
562 3701 668 3745 novus
687 3676 798 3744 obruit
819 3676 886 3742 ictu

113 3790 173 3859 Ille
193 3791 320 3884 pudor3
339 3815 485 3876 mansere
503 3796 621 3880 animi,
637 3795 807 3884 virtusque
821 3790 949 3859 cadenti

114 3913 143 3978 A
163 3909 271 3977 media
284 3913 352 4004 jam
370 3923 474 3977 morte
492 3912 578 3979 redit
596 3938 603 3979 :
624 3937 685 3980 nec
705 3912 855 4004 protinus
875 3934 989 3977 omnes

112 4030 218 4122 Terga
235 4025 355 4096 dedere
373 4028 470 4095 mirus
490 4054 497 4095 :
520 4031 603 4097 sicut
618 4029 679 4096 sibi
698 4029 846 4096 conscius
862 4025 920 4095 alti
