2812 5258
65 434 181 495 (mss.)
361 423 595 499 srnmsmos
614 425 723 480 arasa
745 425 778 477 v.
1067 421 1104 494 39

115 588 131 621 e
143 559 237 625 Tunc
252 553 399 647 primum
419 575 487 619 sese
505 548 644 642 trepidis
662 549 724 618 sub
743 563 839 616 noete
858 550 1035 641 Thyoneus

65 679 214 762 Detexit,
233 688 312 742 nato
331 685 468 766 portans
484 650 637 739 extrema
648 670 794 737 Thoanti

65 795 235 879 Subsidia,
254 809 287 861 et
305 790 407 860 multa
427 791 556 859 subitus
576 814 651 858 cum
670 788 743 857 luce
761 784 899 856 refulsit.

67 916 198 1011 Agnovi
221 940 229 981 :
250 937 318 982 non
337 909 391 980 ille
409 910 543 1004 quidem
562 911 728 1004 turgentia
747 910 840 978 sertis

64 1040 246 1130 Tempora,
267 1057 327 1101 nec
344 1031 429 1100 flava
445 1033 571 1100 crinem
590 1029 784 1098 distinxerat
801 1052 883 1115 uva,

65 1153 228 1239 Nubilus,
246 1151 488 1247 indignumque
506 1147 611 1220 oculis
631 1149 832 1243 liquentibus
849 1148 988 1218 imbrem

67 1274 255 1367 Alloquitur
276 1298 284 1341 ε
306 1300 324 1335 α
336 1275 427 1339 Dum
448 1268 514 1338 fata
532 1269 657 1338 dabant
674 1269 752 1354 tibi,
772 1282 864 1355 nate,
883 1281 1049 1361 potentem

65 1398 238 1478 Lemnon,
258 1406 291 1460 et
309 1391 453 1459 externis
470 1390 569 1458 etiam
588 1413 719 1458 servare
737 1387 916 1457 timendam

66 1514 252 1597 Gentibus,
272 1509 360 1578 haud
381 1534 528 1602 unquam
543 1511 636 1604 justo
654 1534 727 1578 mea
746 1533 826 1578 cura
844 1507 951 1577 labori

65 1633 204 1702 Destitit
222 1657 229 1698 :
251 1629 462 1699 absciderunt
479 1631 589 1700 tristes
607 1628 754 1699 crudelia
772 1633 883 1699 Parcae

64 1753 232 1837 Stamina,
250 1774 310 1819 nec
328 1749 444 1829 dictis,
463 1749 601 1844 supplex
622 1775 696 1843 quae
717 1749 861 1845 plurima
881 1749 951 1820 fudi

66 1876 153 1941 Ante
170 1875 284 1938 iovem
303 1868 441 1952 lrustra,
462 1866 679 1961 lacrymisque
699 1884 847 1939 avertere
864 1868 973 1940 luctus

68 1991 245 2082 Contigit:
265 1984 440 2055 infandum
460 2000 543 2055 nato
560 1990 722 2056 concessit
738 1989 910 2059 honorem.

69 2107 260 2178 Accelerate
279 2105 393 2200 fugem
413 2130 421 2172 :
442 2121 544 2198 tuque
562 2131 584 2174 ο
601 2130 676 2175 mea
693 2106 793 2202 digna
810 2134 972 2205 propago,

67 2232 140 2297 Hac
158 2252 250 2321 rege,
271 2228 384 2319 virgo,
402 2239 548 2319 patrem,
568 2229 691 2322 gemini
712 2253 777 2321 qua
793 2229 929 2299 brachia
947 2233 1032 2300 muri

68 2350 163 2417 Litus
181 2361 281 2431 eunt;
303 2344 375 2432 illa,
395 2369 461 2438 qua
479 2369 555 2414 rara
573 2345 721 2434 silentia,
740 2364 836 2442 porta

68 2471 141 2537 Stat
158 2466 286 2536 bracata
306 2469 438 2553 Venus,
459 2464 614 2559 ferroque
633 2470 779 2537 accincta
799 2469 942 2541 furentes

69 2586 214 2680 Adjuvat
231 2585 345 2680 (unde
362 2585 500 2654 manus?
519 2587 607 2655 unde
624 2589 694 2656 haec
713 2592 879 2660 Mavortia
898 2593 992 2660 Divae

69 2704 247 2801 Pectoral)
265 2730 273 2774 :
290 2719 327 2774 tu
346 2703 413 2773 lato
432 2720 558 2798 patrem
575 2709 744 2776 committe
762 2709 940 2802 profundo.

70 2826 251 2897 Succedam
267 2828 366 2896 curis.
378 2855 395 2890 ι
415 2863 468 2878 -·
486 2828 536 2892 Ita
556 2824 643 2895 luteis
661 2828 696 2893 in
714 2850 790 2894 aera
806 2852 921 2896 rursus

69 2945 236 3031 Solvitur,
254 2960 289 3015 et
306 2960 475 3031 nostrum,
494 2945 584 3014 visits
602 2945 794 3014 arcentibus
813 2947 957 3032 umbris,
1047 2970 1057 2992 ·

70 3068 164 3135 Mitis
180 3069 243 3136 iter
259 3065 367 3161 longa
385 3064 524 3135 claravit
540 3064 645 3134 limite
663 3065 813 3136 flamme.

119 3216 136 3250 e
147 3187 225 3275 Qua
245 3185 323 3253 data
339 3187 435 3278 signa
453 3210 596 3279 sequor:
612 3184 692 3255 dein
708 3211 812 3255 curvo
831 3189 951 3257 robore
965 3188 1111 3261 clausum

69 3309 132 3379 Dis
150 3306 279 3402 pelagi,
298 3307 486 3397 ventisque,
504 3319 537 3374 et
556 3303 719 3400 Cycladas
737 3309 884 3403 AEgaeoni

68 3425 249 3523 Amplexa,
268 3425 469 3496 commendo
487 3442 616 3521 patrem
637 3453 645 3495 ε
667 3451 729 3497 nec
746 3428 877 3499 fletibus
896 3456 1042 3526 unquam

68 3550 121 3619 sit
140 3548 259 3617 modus
276 3546 431 3635 alternis,
450 3548 485 3616 ni
501 3549 571 3641 jam
590 3547 735 3619 dimittat
751 3554 822 3619 Eoo

69 3668 206 3739 Lucifer
224 3684 310 3737 astra
328 3667 412 3763 polo
427 3694 435 3737 :
453 3682 525 3738 turn
544 3667 679 3738 demum
700 3668 795 3740 litore
813 3697 915 3742 rauco

69 3785 181 3858 Multa
199 3802 289 3857 metu
306 3804 481 3883 reputans,
502 3804 535 3858 et
554 3791 608 3858 vix
626 3790 751 3860 conlisa
768 3797 868 3887 Lyaeo

55 3908 231 3997 ,Dividor,
250 3909 321 4001 ipsa
335 3909 441 4003 gradu
461 3911 585 3998 nitens,
600 3911 657 3979 sed
675 3926 708 3981 et
726 3916 821 3982 anxia
839 3930 928 3984 retro

71 4029 226 4112 Pectora,
247 4051 309 4095 nee
326 4031 471 4122 requies,
489 4033 570 4123 quin
589 4046 622 4100 et
640 4036 811 4127 surgentia
830 4034 912 4102 coelo
