2812 5258
664 466 691 519 P.
712 465 830 519 PUBLII
850 463 970 518 STATII

801 903 833 985 I.

428 1232 684 1302 ABASCANTII
705 1232 753 1301 IN
773 1228 1034 1300 PBlSCILLAM
1052 1227 1210 1295 PIETAS.

755 1588 900 1604 υ*

367 1886 404 1953 S1
420 1908 534 1951 manus
550 1897 606 1951 aut
623 1881 743 1951 similes
758 1880 871 1950 docilis
889 1881 968 1948 mihi
986 1879 1109 1972 fingere
1124 1902 1228 1964 ceras,

320 2004 386 2071 Aut
403 2001 500 2086 ebur,
518 2002 681 2093 impressis
696 2023 852 2069 aurumve
869 1999 1013 2067 animare
1028 1996 1154 2090 liguris3

321 2121 420 2207 Hinc,
439 2118 597 2208 Priscilla,
618 2135 674 2188 tuo
691 2117 805 2188 solatia
822 2131 915 2212 grata
931 2116 1049 2184 marito

321 2240 550 2332 Conciperem;
568 2263 708 2331 namque
724 2238 853 2332 egregia
869 2238 989 2330 pietate
1004 2248 1148 2303 meretur

320 2361 367 2426 Ut
385 2355 435 2423 vel
456 2355 589 2449 Apelleo
606 2357 715 2426 vultus
735 2355 860 2451 signata
879 2352 1002 2442 colore,

321 2472 475 2543 Phidiaca
495 2472 545 2541 vel
567 2488 643 2541 nata
661 2497 773 2561 manu,
793 2473 928 2542 reddare
947 2471 1095 2542 dolenti:

322 2593 374 2660 Sic
392 2590 518 2659 auferre
537 2592 624 2684 rogis
644 2593 792 2660 umbram
811 2605 961 2677 conatur,
982 2604 1015 2658 et
1034 2591 1147 2683 ingens

322 2713 496 2778 Certamen
516 2732 592 2776 cum
610 2721 715 2777 morte
735 2710 831 2803 gerit,
849 2732 1007 2801 curasque
1024 2707 1138 2801 fatigat

322 2825 508 2914 Artificum,
525 2828 624 2918 inque
640 2828 729 2896 omni
746 2843 779 2895 te
793 2828 908 2920 quaerit
924 2851 1034 2897 amare
1048 2822 1188 2895 metallo.

322 2943 385 3012 Sed
402 2942 548 3013 mortalis
564 2945 683 3029 honos,
701 2945 793 3038 agilis
810 2971 907 3039 quem
926 2946 1038 3014 dextra
1055 2944 1189 3014 laborat.
1292 3035 1296 3041 Ι

369 3061 438 3130 Nos
458 3062 530 3148 tihi,
550 3060 671 3131 laudati
688 3064 816 3156 juvenis
836 3065 1000 3134 rarissima
1019 3064 1152 3157 conjux,

323 3183 450 3272 Longa,
469 3205 530 3249 nee
549 3181 722 3250 obscurum
742 3182 838 3251 finem
858 3183 978 3266 latura,
997 3182 1133 3276 perenni

322 3299 497 3367 Tentamus
516 3298 592 3367 dare
607 3301 694 3392 justa
714 3300 799 3393 lyra3
820 3302 917 3370 modo
936 3301 1049 3369 dexter
1066 3298 1197 3393 Apollo,

323 3417 453 3509 Quique
472 3418 562 3486 venit
575 3424 689 3511 juncto
706 3420 786 3487 mihi
803 3443 930 3512 semper
948 3417 1101 3511 Apolline
1117 3422 1238 3503 Cesar,

323 3538 456 3604 Annuat
474 3560 482 3602 ε
501 3536 589 3605 haud
606 3535 668 3604 alio
689 3537 803 3606 melius
822 3538 962 3608 condere
981 3536 1139 3630 sepulcro.

371 3655 449 3720 Sera
468 3653 600 3746 quidem
621 3668 712 3722 tanto
730 3656 867 3724 struitur
886 3654 1046 3723 medicina
1064 3654 1185 3741 dolori,

325 3769 434 3841 Altera
451 3795 551 3863 quum
570 3771 711 3842 volucris
727 3773 840 3843 Phoebi
859 3789 931 3842 rota
947 3789 1099 3867 torqueat
1115 3796 1238 3842 annum
1257 3798 1265 3840 :

324 3891 388 3980 Sed
405 3917 505 3983 quum
521 3891 616 3987 plaga
631 3919 756 3983 reeens,
777 3910 810 3965 et
826 3893 933 3964 adhue
951 3897 985 3962 in
1002 3892 1136 3962 vulnere
1155 3892 1265 3986 primo

326 4011 422 4104 AEgra
441 4010 557 4079 domus
577 4027 706 4103 questu,
724 4016 937 4106 miseramque
955 4036 1100 4082 accessus
1116 4009 1158 4079 ad
1174 4033 1288 4078 aurem
