2812 5258
66 482 146 534 nsi
397 470 583 526 sumnum
603 471 711 527 mnan
731 473 752 525 1.
993 534 998 544 ,
1049 492 1084 544 η

66 593 245 662 Sollicitare
260 595 352 686 juvat
371 618 379 658 :
401 590 515 683 procul
534 592 625 676 hinc,
646 606 677 658 et
698 592 788 659 fonte
807 591 921 662 doloso

64 711 235 799 Salmacis,
252 726 284 780 et
304 711 408 780 vidua
427 710 628 779 Cebrenidos
648 711 739 778 arida
758 711 849 779 luctu

65 829 230 916 Flumina,
248 844 280 898 et
300 828 450 898 Herculei
470 829 643 923 praedatrix
663 830 755 898 cedat
773 828 907 898 alumni.

107 953 174 1018 Vos
194 951 273 1018 mihi
294 973 365 1043 quse
383 952 529 1034 Latium,
549 964 744 1043 septenaque
761 949 903 1019 culmina
922 950 1084 1042 Nymphae

64 1067 222 1154 Incolitis,
241 1068 442 1160 Tybrimque
460 1070 552 1136 novis
570 1066 717 1136 attollitis
736 1066 847 1152 undis,

64 1186 154 1272 Quas
174 1210 314 1279 preceps
333 1187 454 1272 Anien,
473 1199 571 1278 atque
589 1199 763 1279 exceptura
783 1200 910 1253 natatus

63 1305 165 1397 Virgo
179 1306 290 1395 juvat,
309 1307 497 1397 Marsasque
514 1307 605 1373 nives
623 1318 655 1372 et
673 1304 794 1397 frigora
814 1303 935 1371 ducens

62 1423 200 1507 Marcia,
219 1420 377 1514 precelsis
396 1446 535 1515 quarum
553 1446 635 1516 vaga
653 1420 793 1489 molibus
814 1420 902 1488 unda

63 1541 206 1626 Crescit,
226 1554 257 1607 et
276 1542 447 1608 innumero
468 1540 611 1632 pendens
631 1541 861 1608 transmittitur
878 1561 971 1622 arcu,

63 1658 215 1727 Vestrum
227 1681 309 1750 opus
319 1657 542 1751 aggredimur3
553 1671 657 1726 vestra
670 1671 717 1725 est
730 1680 827 1750 quam
836 1658 980 1725 carmine
990 1650 1081 1724 molli

62 1775 174 1842 Pando
192 1775 316 1843 domus.
337 1778 412 1844 Non
432 1800 577 1869 unquam
596 1776 667 1844 aliis
684 1776 851 1844 habitastis
870 1777 903 1844 in
924 1777 1026 1844 antris

62 1893 170 1960 Ditius
189 1918 196 1956 :
216 1893 286 1983 ipsa
305 1916 419 1960 manus
438 1895 543 1960 tenuit
559 1895 721 1986 Cytherea
738 1896 861 1979 mariti,

63 2009 324 2098 Monstravitque
342 2020 426 2073 artes
446 2033 454 2073 ε
476 2032 540 2076 neu
557 2010 628 2078 vilis
648 2011 777 2080 flamma
797 2014 940 2079 caminos

63 2127 197 2209 Ureret,
217 2127 286 2216 ipsa
304 2125 389 2200 faces
408 2123 578 2193 volucrum
598 2128 762 2195 succendit
782 2133 948 2196 Amorum.

63 2244 139 2310 Non
160 2244 224 2311 huc
240 2243 385 2310 admissae
403 2243 542 2329 Thasos,
563 2256 619 2311 aut
639 2243 762 2311 undosa
781 2247 952 2337 Carystos3

62 2363 179 2428 Moeret
196 2386 283 2454 onyx
302 2360 412 2454 longe,
431 2363 645 2453 queriturque
663 2359 811 2429 exclusus
829 2363 956 2454 ophites
977 2389 984 2430 :

62 2478 137 2546 Sola
156 2480 237 2547 nitet
257 2478 347 2546 llavis
365 2478 551 2548 Nomadum
571 2478 676 2546 decisa
696 2478 832 2546 metallis

63 2599 225 2689 Purpura,
243 2595 311 2664 sola
329 2620 409 2665 cavo
428 2597 575 2689 Phrygiae
595 2621 693 2688 quam
713 2597 881 2688 Synnados
899 2612 993 2664 antro

62 2717 135 2806 lpse
152 2716 335 2782 cruentavit
353 2713 487 2782 maculis
507 2713 681 2781 liventibus
700 2718 793 2805 Attys
811 2738 819 2779 ε

62 2831 216 2922 Quasque
232 2834 336 2923 Tyrus
353 2832 463 2898 niveas
482 2845 583 2916 secat,
601 2844 633 2897 et
652 2829 785 2897 Sidonia
805 2854 912 2922 rupes.

63 2949 127 3016 vix
144 2947 233 3016 locus
252 2952 397 3034 Eurotae,
413 2948 527 3016 viridis
545 2972 646 3039 quum
666 2947 778 3040 regula
798 2945 896 3040 longo

63 3064 214 3157 Synnada
232 3065 387 3134 distinctu
406 3067 521 3132 variat.
542 3067 619 3131 Non
638 3063 751 3133 limina
771 3080 911 3151 cessant,

62 3181 227 3276 Effulgent
246 3208 395 3269 camere,
415 3183 506 3249 vario
526 3180 652 3275 lastigia
671 3185 756 3249 vitro

63 3305 102 3369 ln
119 3303 239 3394 species
257 3303 447 3393 animosque
465 3301 580 3367 nitent.
601 3302 718 3391 Stupet
735 3301 803 3391 ipse
820 3300 929 3367 beatas

64 3417 308 3511 Circumplexus
326 3443 421 3510 opes,
442 3431 474 3485 et
494 3418 623 3510 parcius
643 3417 780 3509 imperat
800 3419 892 3510 ignis.

64 3532 187 3603 Multus
205 3536 324 3628 ubique
342 3537 425 3623 dies,
446 3534 545 3602 radiis
565 3534 620 3601 ubi
633 3532 780 3601 ‘culmina
801 3538 875 3603 totis

63 3652 225 3737 Personat,
244 3667 340 3745 atque
357 3653 420 3722 alio
439 3652 487 3722 sol
507 3653 675 3746 improbus
694 3654 801 3720 uritur
819 3668 907 3721 aestu.

62 3767 119 3838 Nil
141 3769 184 3836 ibi
203 3768 364 3862 plebeium
385 3797 393 3836 ι
414 3795 573 3864 nusquam
583 3774 754 3839 ‘Temesaea
775 3771 901 3838 notabis

62 3890 155 3970 AEra3
173 3885 230 3954 sed
249 3900 385 3980 argento
403 3888 476 3955 felix
496 3887 690 3982 propellitur
710 3889 813 3972 unda,

63 4009 273 4099 Argentoque
292 4003 397 4087 cadit,
416 4002 575 4096 labrisque
596 4007 772 4073 nitentibus
794 4008 890 4073 instat
