2812 5258
522 401 551 452 P.
573 400 694 452 PUBLII
716 399 842 454 sTnTll.

274 526 400 592 Desunt
417 524 474 614 qui
493 523 637 614 rapiant;
658 524 811 613 sinusque
830 519 917 614 pleni

275 641 443 725 Gaudent,
463 640 540 706 dum
560 664 646 707 nova
665 637 755 707 lucra
773 651 1014 730 comparantur.

275 756 410 825 Tollunt
427 760 615 826 innumeras
634 757 676 825 ad
693 771 779 825 astra
796 781 905 844 voces,

276 880 497 946 Surrentum
515 899 684 961 uniuersis
701 889 874 960 sonantes3

277 999 318 1062 Et
336 994 422 1062 dulci
443 1018 611 1064 Domuum
628 994 739 1062 lavore
757 991 899 1061 clamant
919 1019 927 1060 ε

277 1117 347 1181 Hoc
366 1112 471 1181 solum
490 1115 593 1182 vetuit
611 1111 707 1181 licere
726 1115 842 1182 Caesar.

321 1231 465 1299 Vixdum
482 1230 599 1300 caerula
614 1257 680 1298 nox
696 1231 824 1298 subibat
841 1230 968 1314 orbern,

274 1349 450 1419 Descendit
466 1349 573 1417 media
588 1350 696 1417 nitens
713 1373 811 1417 arena

275 1471 400 1537 Densas
417 1467 585 1535 flammeus
600 1467 687 1534 orbis
704 1468 789 1534 inter
806 1465 953 1551 umbras,

276 1586 418 1652 Vincens
433 1586 601 1652 Gnosiacae
617 1584 719 1652 facem
737 1608 874 1652 corouae.

277 1700 426 1771 Collueet
442 1699 536 1793 polus
553 1702 699 1794 ignibus,
718 1699 864 1792 nihilque

277 1819 432 1887 Obscurae
450 1820 572 1911 patitur
590 1816 687 1886 licere
704 1820 802 1886 nocti.

276 1939 372 2031 Fugit
388 1938 479 2031 pigra
495 1938 619 2026 Quies3
636 1939 788 2030 inersque
804 1940 943 2008 Somnus

180 2136 183 2143 1
276 2060 352 2125 Haec
368 2080 517 2141 cerneus,
535 2054 614 2125 alias
629 2057 730 2124 adivit
748 2057 854 2126 urbes.

323 2175 406 2262 Quis
422 2172 623 2268 spectacula,
640 2177 713 2267 quis
727 2177 818 2268 jocos
836 2174 987 2263 licentes,

276 2295 360 2382 Quis
375 2294 539 2379 convivia,
556 2296 629 2386 quis
649 2294 747 2387 dapes
765 2296 940 2389 inemptas,

277 2411 375 2501 Largi
393 2410 529 2477 flumina
545 2413 618 2502 quis
633 2427 730 2478 canat
745 2413 854 2504 Lyaei?

278 2528 416 2617 Jamjam
433 2527 562 2612 deficio,
580 2542 700 2620 tuoque
719 2530 846 2598 Baccho

276 2646 316 2713 In
336 2670 443 2712 serum
462 2645 573 2712 trahor
590 2646 699 2714 ebrius
716 2672 876 2744 soporem.

277 2765 370 2851 Quos
386 2763 446 2830 ibit
462 2762 576 2856 procul
592 2763 646 2832 hic
663 2764 731 2834 dies
746 2792 805 2859 per
821 2765 943 2837 anuos!

277 2883 387 2969 Quam
405 2879 497 2949 nullo
515 2906 604 2950 sacer
619 2881 778 2952 exolescet
793 2880 883 2953 aevo!

276 3002 365 3068 Dum
381 3013 507 3067 montes
523 3001 627 3086 Latii,
645 3015 801 3093 paterque
817 3003 953 3094 Tybris,

276 3118 366 3185 Dum
383 3117 480 3185 stabit
501 3131 558 3186 tua
574 3122 695 3205 Roma,
714 3119 858 3212 dumque
875 3121 970 3188 terris

276 3234 376 3320 Quod
391 3235 499 3304 reddis
516 3235 714 3330 Capitolium
733 3237 887 3307 manebit.
