2774 5256
59 423 171 488 (aas.)
355 421 568 477 ransarnos
592 418 700 476 masa
722 422 800 476 vul.
1040 439 1091 492 η,

60 551 112 617 Ne
133 572 212 640 rape
231 561 298 615 tarn
316 546 431 613 subitis
449 547 608 638 spirantia
627 516 764 638 corpora
785 545 909 632 bustis,

60 669 112 735 Ne
135 689 273 759 propera
293 665 488 732 :veniemus
509 665 615 751 enim,
635 687 702 757 quo
720 663 824 731 limite
841 665 970 749 cuncti,

60 786 137 873 Qua
152 784 228 853 licet
245 787 292 851 ire
311 785 362 852 via
382 810 390 851 :
411 798 540 852 tantum
560 799 692 852 exorata
710 782 853 877 Pelasgis

59 907 145 972 Siste
165 903 268 971 levem
290 927 461 996 campum
483 901 604 971 celeres
622 928 687 971 neu
706 905 847 996 praecipe
863 905 996 971 Parcas.

61 1028 101 1092 At
120 1038 155 1090 tu
173 1047 248 1090 care
264 1024 362 1108 Deis,
381 1046 481 1116 quern
501 1048 568 1091 non
587 1046 706 1091 uranus
725 1020 810 1106 ulla,
828 1045 888 1090 nec
906 1043 999 1089 enses

61 1143 204 1227 Sidonii,
222 1141 278 1210 sed
297 1167 418 1235 magna
436 1144 509 1210 sinu
531 1144 658 1210 Natura
674 1140 801 1225 soluto,

61 1267 127 1331 Ceu
144 1278 176 1330 te
192 1262 349 1354 Cyrrhaeo
367 1262 519 1327 meritum
538 1259 718 1328 tumularet
733 1261 846 1344 hiatu,

61 1384 112 1450 Sic
131 1379 281 1474 amplexa
298 1381 383 1464 coit,
401 1378 515 1447 hilaris
532 1379 606 1462 des,
625 1404 704 1466 oro,
721 1394 874 1472 precatus

61 1504 166 1570 Nosse
182 1515 272 1581 tuos,
288 1497 453 1591 coeloque,
471 1512 503 1566 et
519 1523 596 1566 vera
612 1500 822 1570 monentibus
837 1502 902 1568 aris

61 1618 242 1702 Concilies,
264 1632 296 1686 et
313 1643 385 1710 qnae
403 1616 533 1712 populis
552 1618 700 1712 proferre
719 1621 877 1714 parabas,

60 1743 118 1808 Me
134 1738 252 1805 doceas
273 1764 280 1805 :
305 1739 361 1805 tihi
381 1763 473 1806 sacra
492 1738 596 1807 feram
615 1764 780 1834 presaga,
799 1741 914 1833 tuique

61 1859 215 1928 Numinis
236 1859 414 1951 interpres,
436 1871 469 1925 te
487 1857 614 1926 Phoebo
636 1859 768 1928 absente
786 1860 923 1928 vocabo.

60 1976 121 2044 llle
141 1977 222 2044 mihi
240 1973 324 2044 Delo
343 1976 535 2069 Cyrrhaque
555 1978 721 2069 potentior
738 1979 828 2045 omni

61 2099 139 2183 Quo
159 2097 243 2180 ruis,
263 2094 316 2163 ille
338 2068 442 2188 adytis
463 2093 580 2163 melior
597 2092 699 2164 locus.
713 2126 729 2159 »
745 2099 823 2164 Haec
841 2096 898 2165 nbi
918 2096 1023 2184 dicta,

61 2216 238 2307 Nigrantos
256 2227 344 2281 terra
364 2212 521 2306 pecudes,
539 2213 746 2307 obscuraque
763 2217 882 2308 mergit

61 2339 236 2419 Armenta,
254 2358 292 2401 ac
311 2334 392 2399 vivis
410 2331 560 2401 cumulos
578 2333 856 2403 undantis-arenas

63 2458 225 2548 Aggerat,
242 2466 274 2520 et
292 2454 357 2520 vati
374 2453 490 2524 mortis
507 2451 684 2520 simulacra
698 2453 862 2547 rependit.

110 2573 201 2641 Talia
219 2571 308 2667 apud
325 2574 465 2656 Graios,
483 2595 586 2664 quum
600 2572 669 2664 jam
687 2575 851 2642 Mavortia
869 2589 984 2643 contra

63 2698 214 2779 Cornua,
229 2694 418 2788 jamsaevos
437 2691 549 2785 fragor
566 2715 668 2760 aereus
686 2693 807 2761 excitat
824 2717 926 2762 enses.

64 2815 161 2883 Addit
181 2813 299 2881 acerba
318 2836 437 2881 sonum
456 2809 631 2879 Theumesi
650 2836 669 2878 e
686 2813 809 2880 vertice
827 2814 952 2880 crinem

61 2936 247 3018 Incutiens,
266 2934 419 3026 acuitque
437 2930 535 2999 tubas
555 2944 588 2998 et
606 2927 701 2998 sibila
720 2933 835 2999 miscet

62 3055 242 3147 Tisiphone
262 3078 269 3120 ε
290 3067 402 3146 stupet
422 3049 556 3120 insolito
576 3049 732 3144 clangore
752 3049 920 3121 Citheron

62 3174 248 3258 Marcidus,
269 3187 302 3239 et
321 3187 427 3240 turres
448 3196 581 3240 carmen
598 3195 665 3239 non
684 3169 749 3239 tale
768 3183 896 3239 secutae.

61 3299 135 3361 Jarn
156 3293 297 3386 trepidas
315 3289 449 3360 Bellona
469 3291 573 3377 fores,
595 3304 786 3384 armataque
805 3287 915 3383 pulsat

62 3416 212 3499 Limina,
230 3416 297 3507 jam
320 3411 425 3481 multo
445 3410 601 3481 laxantur
618 3413 752 3482 cardine
772 3412 901 3481 Thebas.

61 3533 190 3602 Turbat
205 3559 304 3626 eques
321 3533 464 3627 pedites,
481 3557 598 3601 currus
615 3531 870 3626 properantibus
886 3530 1036 3617 obstant,

63 3659 136 3724 Ceu
153 3655 260 3721 Danai
275 3668 350 3748 post
367 3669 461 3747 terga
479 3667 631 3747 premant
650 3680 658 3720 :
678 3654 725 3721 sic
742 3652 897 3721 omnibus
913 3647 971 3719 alae

63 3779 245 3844 Arctantur
263 3775 384 3863 portis,
401 3788 592 3867 septemque
610 3773 801 3841 excursibus
817 3772 954 3840 haerent.

64 3894 203 3986 Ogygiis
225 3893 251 3957 it
273 3907 360 3958 sorte
379 3896 505 3980 Creon,
525 3892 677 3961 Eteoclea
697 3894 834 3959 mittunt

64 4017 188 4098 Neirae3
209 4011 310 4079 celsas
332 4010 544 4079 Homoloidas
563 4027 704 4104 occupat
721 4016 875 4095 Haemon,
