2812 5258
312 441 365 498 152
651 439 824 496 PJPUBLII
844 438 966 494 STATII
1248 440 1283 501 (v.
1297 442 1352 504 19.)

354 573 398 639 At
416 585 470 655 tu,
488 592 545 635 seu
565 569 720 636 membris
736 568 872 636 emissus
887 569 921 634 in
940 564 1043 633 ardua
1061 564 1184 651 tendis,

307 687 546 782 Fulgentesque
568 686 695 780 plagas,
715 710 893 777 rerumque
910 682 1071 753 elementa
1087 709 1254 772 recenses,

307 808 392 897 Quis
413 807 508 893 deus,
529 807 616 873 unde
634 807 739 899 ignes,
757 830 830 897 quae
849 803 948 872 ducat
966 805 1081 872 semita
1099 803 1218 891 solem,

306 930 391 1016 Quae
407 927 535 994 minuat
549 926 711 1012 Phoeben,
731 949 867 1017 quaeque
888 926 1053 1017 integrare
1070 922 1226 993 latentem

307 1050 414 1116 Causa
436 1061 552 1138 queat,
567 1044 721 1137 doctique
738 1044 853 1112 modos
867 1044 1016 1112 extendis
1034 1046 1143 1129 Arati3

306 1170 371 1234 Seu
390 1180 427 1233 tu
448 1165 573 1232 Lethaei
590 1178 715 1231 secreto
733 1164 767 1231 in
784 1164 932 1257 gramine
948 1166 1057 1256 campi

307 1284 452 1358 Consilia
469 1286 607 1353 heroum
624 1285 718 1375 juxta
735 1287 918 1374 Manesque
938 1283 1068 1369 beatos,
1165 1323 1170 1329 ·

305 1406 485 1476 Maeonium
503 1410 735 1495 Ascraeumque
753 1427 862 1470 senem
885 1427 952 1470 non
972 1403 1103 1495 segnior
1120 1404 1239 1472 umbra

305 1522 450 1609 Accolis,
468 1521 697 1614 alternumque
714 1547 828 1606 sonas,
846 1537 879 1589 et
894 1523 1042 1589 carmina
1060 1524 1190 1611 misces3

305 1647 358 1712 Da
372 1668 484 1711 vocem
500 1667 635 1734 magno,
653 1656 758 1733 pater,
776 1642 1013 1734 ingeniumque
1032 1640 1148 1709 dolori.

352 1766 439 1833 Nam
457 1787 509 1828 me
528 1775 578 1828 ter
599 1759 745 1854 relegens
767 1758 900 1846 coelum,
922 1774 1036 1853 terque
1055 1786 1113 1828 ora
1126 1775 1279 1831 retexens
1337 1763 1342 1770 ’

304 1889 400 1953 Luna
417 1883 505 1950 videt
522 1882 676 1968 residem,
698 1879 854 1974 nullaque
874 1881 1068 1948 Heliconide
1084 1884 1192 1951 tristes

303 2003 470 2072 Solantem
488 2028 583 2070 curas
604 2028 611 2069 :
635 2017 711 2069 tuus
731 2017 769 2068 ut
786 2002 867 2068 milri
886 1999 1031 2068 vultibus
1052 2002 1136 2095 ignis

302 2124 465 2208 Irrubuit,
486 2124 696 2213 cineremque
713 2119 817 2189 oculis
835 2121 1048 2188 humentibus
1067 2121 1180 2210 hausi,

301 2241 385 2311 Vilis
400 2244 506 2311 honos
523 2242 639 2310 studiis
658 2268 665 2309 :
687 2244 739 2309 vix
756 2242 824 2309 haec
842 2242 876 2307 iu
899 2265 1037 2309 munera
1055 2240 1148 2309 solvo

300 2363 449 2429 Primum
464 2364 631 2446 animum,
647 2362 820 2452 tacitisque
836 2362 937 2427 situm
955 2359 1119 2454 depellere
1137 2364 1227 2432 curis

299 2482 397 2549 Nunc
417 2481 516 2548 etiam
533 2479 661 2547 labente
684 2504 799 2563 manu,
817 2503 877 2546 nee
898 2478 1023 2548 lumine
1042 2481 1129 2549 sicco

298 2600 437 2684 Ordior,
459 2598 591 2666 acclinis
611 2596 740 2666 tumulo
755 2624 821 2691 quo
844 2599 942 2666 molle
960 2601 1100 2692 quiescis

297 2722 419 2811 Jugera
436 2734 548 2786 nostra
565 2734 697 2803 tenens;
714 2719 771 2785 ubi
790 2733 865 2811 post
881 2720 994 2788 AEneia
1008 2720 1074 2789 fata

299 2836 445 2923 Solatus,
460 2840 563 2906 Latiis
582 2839 718 2931 ingessit
733 2840 900 2907 montibus
918 2839 1037 2909 Albam

296 2958 474 3042 Ascanius,
493 2958 637 3051 Phrygio
652 2957 732 3025 dum
752 2960 892 3053 pingues
912 2962 1071 3054 sanguine
1089 2986 1224 3056 campos

298 3074 394 3159 Odit,
411 3090 444 3143 et
461 3076 609 3144 infaustae
625 3103 763 3170 regnum
781 3077 891 3146 dotale
909 3105 1066 3148 novercae.

295 3195 356 3261 His
375 3221 437 3288 ego
454 3210 487 3263 te
502 3196 597 3291 (nam
618 3199 739 3265 Sicanii
757 3224 824 3266 non
841 3200 953 3267 mitius
970 3199 1060 3268 halat

294 3316 382 3382 Aura
401 3317 507 3400 croci,
526 3316 610 3384 dites
628 3342 688 3385 nec
706 3319 811 3385 sicubi
828 3343 903 3386 rara
923 3319 1027 3387 Sabaei

294 3434 471 3521 Cinnama,
490 3435 643 3504 odoratas
662 3463 723 3505 nec
744 3439 850 3506 Arabs
868 3439 1029 3532 decerpsit
1047 3443 1184 3537 aristas)

293 3553 460 3622 Insertum
481 3580 556 3622 cum
575 3555 670 3625 laude
686 3557 785 3644 locis,
806 3574 838 3626 te
856 3561 1000 3627 carmine.
1014 3559 1135 3656 plango

294 3674 401 3741 Pierio
420 3700 537 3742 :sume
556 3676 616 3744 hos
635 3680 795 3771 gemitus,
815 3692 847 3746 et
868 3704 1006 3748 munera
1023 3685 1107 3767 nati,

293 3795 337 3860 Et
356 3791 531 3894 lacrymas,
550 3799 614 3863 cari
634 3823 715 3889 quas
734 3823 905 3891 nunquam
926 3800 1070 3871 habuere
1088 3819 1256 3895 parentes.

340 3917 448 4006 Atque
468 3917 594 3983 utinam
615 3917 747 3988 fortuna
764 3918 844 3987 milri
862 3920 940 3989 dare
957 3924 1112 3991 Manibus
1131 3948 1205 3992 aras

290 4037 355 4102 Par
372 4033 503 4128 templis
523 4061 628 4129 opus,
647 4041 834 4132 aeriamque
852 4039 991 4111 educere
1010 4042 1130 4112 molem
