2812 5258
184 480 215 544 (e.
233 478 299 539 145.)
463 470 715 527 temulentos
739 470 851 524 Ltautt
872 471 909 523 11.
1159 469 1212 540 287

233 603 297 669 Vix
318 599 397 666 dum
419 611 532 664 exorta
551 594 640 677 dies,
661 607 694 661 et
709 594 777 686 jam
794 588 972 661 coulltatus
991 598 1111 686 hgyrta

184 719 325 814 Tydides
345 715 472 802 aderat,
490 714 710 808 praedictaque
728 712 816 780 dona
835 711 970 778 ferebat.

185 842 256 908 Nec
273 839 382 905 minus
398 858 534 929 egresse
551 832 702 902 thalamis
719 831 888 924 Scyreides
907 833 998 900 ibant

185 964 358 1028 Ostentare
376 955 511 1035 choros,
529 954 756 1047 promissaque
773 976 866 1020 sacra
886 951 1038 1021 verendis

185 1077 377 1171 Hospitibus
396 1102 404 1142 ε
427 1077 510 1141 nitet
530 1086 606 1139 ante
624 1069 704 1138 alias
723 1070 837 1164 regina
855 1095 1030 1163 comesque

188 1195 312 1265 Pelides
330 1221 337 1263 :
356 1192 462 1287 qualis
480 1187 597 1258 Siculae
614 1189 676 1257 sub
694 1189 832 1283 rupibus
848 1191 952 1256 AEtnae

186 1314 309 1385 Naides
327 1318 465 1381 Ennaeas
481 1311 567 1376 inter
582 1310 711 1395 Diana,
729 1308 886 1401 feroxque

186 1433 311 1516 Pallas,
330 1446 362 1499 et
381 1431 483 1523 Elysii
502 1428 632 1497 lucebat
651 1452 772 1521 sponsa
790 1430 932 1522 tyranni.

235 1556 371 1644 Jamque
382 1565 522 1642 ,movent
540 1572 689 1643 gressus,
708 1549 887 1642 thiasisque
904 1551 1043 1617 Ismenia
1064 1549 1170 1619 buxus

187 1674 286 1766 Signa
303 1669 408 1757 dedit,
424 1685 541 1763 quater
557 1693 621 1737 aera
641 1668 756 1753 Rheae,
775 1683 894 1762 quater
910 1671 994 1738 Evia
1012 1667 1145 1763 pulsant

187 1793 292 1882 Terga
311 1814 431 1875 manu,
451 1790 625 1880 variosque
643 1803 759 1880 quater
776 1786 884 1882 legere
904 1812 1068 1860 meamus.

187 1912 281 1977 Tune
296 1909 425 2001 thyrsos
437 1908 626 1999 pariterque
640 1904 768 1989 levant,
781 1908 971 2000 pariterque
984 1924 1170 2002 reponunt,

187 2026 478 2120 Multiplicentque
494 2024 652 2119 gradum,
668 2024 768 2093 modo
782 2049 850 2117 quo
868 2031 1007 2095 Curetes
1023 2029 1057 2094 in
1078 2043 1170 2112 actu,

188 2146 332 2237 Quoque
350 2146 395 2238 pii
412 2144 643 2212 Samothraces
660 2159 741 2212 eunt
758 2170 766 2211 ε
786 2168 874 2213 nuuc
890 2144 986 2213 obvia
1003 2169 1103 2214 versae

188 2265 321 2332 Pectine
341 2265 534 2348 Amazonio,
552 2263 651 2330 modo
668 2286 735 2357 quo
753 2264 833 2333 citat
850 2264 932 2333 orbe
951 2268 1104 2334 Lacaenas

188 2380 304 2466 Delia,
324 2380 581 2475 plaudentesque
600 2383 667 2481 suis
684 2385 852 2477 intorquet
872 2384 1028 2478 Amyclis.
1082 2402 1091 2417 ·

188 2504 282 2569 Tunc
301 2525 394 2587 vero,
416 2515 495 2569 tunc
516 2503 679 2594 precipue
695 2502 889 2573 manifestus
905 2503 1066 2588 Achilles,

189 2621 259 2687 Nee
274 2643 404 2687 servare
420 2620 537 2703 vices,
548 2643 608 2686 nec
624 2622 764 2715 jungere
779 2622 915 2691 brachia
934 2638 1037 2692 curat.

189 2741 283 2806 Tunc
302 2736 416 2806 molles
434 2761 581 2833 gressus,
601 2753 682 2807 tune
700 2757 896 2834 aspernatur
910 2743 1049 2812 amictus

145 2940 153 2957 Ι
190 2855 267 2925 Plus
287 2855 400 2938 solito,
417 2858 609 2951 rumpitque
622 2859 759 2942 choros,
774 2875 808 2928 et
825 2859 969 2954 plurima
988 2863 1111 2930 turbat.

190 2976 242 3043 Sic
264 2974 490 3069 indignantem
512 2977 660 3069 thyrsos,
679 2993 880 3073 acceptaque
899 2982 1015 3049 matris

190 3095 379 3187 Tympana,
399 3095 463 3186 jam
487 3095 594 3164 tristes
615 3098 806 3190 spectabant
827 3100 971 3168 Penthea
988 3100 1118 3168 Theba.

240 3210 422 3281 Solvuntur
441 3211 572 3282 laudata
591 3215 728 3302 cohors,
747 3232 967 3313 repetuntque
985 3234 1120 3313 patema

191 3332 337 3414 Limina,
355 3330 412 3399 ubi
431 3331 466 3399 in
482 3331 596 3401 medie
608 3335 805 3428 jamdudum
822 3337 955 3406 sedibus
970 3336 1053 3407 aulas

191 3451 349 3537 Munera,
368 3453 531 3546 virgineos
548 3455 637 3524 visus
655 3471 816 3545 tractura,
837 3458 962 3528 locarat

191 3566 349 3659 Tydides,
368 3571 500 3666 signum
516 3573 670 3669 hospitii,
689 3579 898 3672 pretiumque
914 3575 1056 3663 laboris3

191 3689 415 3782 Hortatusque
431 3690 562 3787 legant,
578 3719 640 3763 nec
660 3719 717 3763 rex
732 3694 972 3790 placidissimus
989 3712 1089 3766 arcet.

191 3805 264 3871 ileu
284 3805 436 3898 simplex,
452 3811 659 3906 nimiumque
673 3814 779 3902 rudis,
794 3819 852 3910 qui
871 3816 988 3887 callida
1004 3816 1108 3892 dona,

190 3922 436 4018 Graiorumque
453 3925 566 4014 dolos,
586 3931 778 4028 variumque
794 3938 925 4030 ignorat
941 3934 1090 4005 Ulixem!

190 4042 277 4109 Hine
297 4039 381 4127 aliae,
399 4069 480 4137 quas
500 4072 595 4117 sexus
614 4051 716 4141 iners,
732 4070 916 4147 naturaque
932 4052 1046 4135 ducit,
