2812 5258
285 443 322 501 24
598 431 815 486 THEBAIDOS
839 428 952 484 LIBER
975 429 1026 483 lv.
1215 428 1277 488 (to

282 560 405 655 Incipit
427 586 465 627 z«
478 562 629 651 Agrestes
647 556 827 624 fluviorum
847 556 986 623 numina
1008 552 1190 647 Nympho,

284 683 325 749 Et
341 682 443 748 nostri
465 704 541 772 pars
560 701 682 772 magna
697 678 829 772 gregis,
848 675 993 769 perferte
1013 673 1183 762 laborem,
1278 768 1282 775 Ι

281 803 392 889 Quem
409 799 537 868 damus.
557 797 731 894 Argolicos
752 796 904 892 paullum
922 796 1003 865 mihi
1024 795 1174 865 lontibus
1195 821 1281 877 amu:

282 925 491 1016 stagnaque,
508 936 542 988 et
562 935 711 988 errantes
728 918 886 988 obducite
904 916 1041 1013 pulvere
1059 921 1158 986 rivos.
1277 922 1283 985 i

280 1044 471 1136 Praecipuus
489 1043 649 1128 Nemees,
668 1065 734 1133 qua
754 1055 869 1108 nostra
891 1041 924 1107 in
944 1041 1067 1107 moenia
1087 1036 1184 1106 bellis

280 1156 379 1232 Nunc
400 1163 478 1249 iter,
493 1186 534 1230 ex
553 1160 622 1230 alto
637 1161 745 1256 fugiat
765 1158 875 1254 liquor
895 1185 903 1228 :
921 1160 1059 1255 adjuvat
1077 1161 1149 1253 ipse

280 1284 424 1352 Phoebus
443 1280 567 1351 adhoc
585 1306 733 1369 summo,
748 1296 852 1350 cesset
870 1282 906 1349 ni
925 1295 1036 1350 vestra
1054 1278 1250 1368 voluntas,⁸
1281 1256 1283 1265 Ι

280 1404 429 1474 Limite:
451 1406 519 1472 vim
539 1403 655 1496 ooeptis
676 1401 851 1496 indulgent
868 1416 973 1489 astra,
991 1425 1136 1492 meaeque

281 1524 416 1593 AEstifer
432 1525 593 1617 Erigones
611 1535 745 1614 spumat
763 1523 855 1589 canis
877 1546 885 1587 :
907 1522 953 1588 ite
974 1519 1139 1608 volentes,

280 1646 330 1714 Ite
348 1645 382 1712 in
399 1657 516 1737 operta
534 1639 595 1708 soli
616 1665 624 1707 :
647 1654 724 1734 post
742 1664 801 1708 vos
819 1665 881 1735 ego
902 1643 1037 1735 gurgite
1057 1641 1157 1734 pleno

280 1763 433 1848 Eliciam,
454 1777 489 1831 et
506 1786 579 1855 quae
596 1760 685 1830 done
702 1762 785 1829 meis
802 1758 1006 1854 amplissima
1024 1762 1125 1830 sacris

279 1886 399 1952 Vester
414 1885 551 1953 habebit
567 1883 675 1952 honos
697 1911 705 1951 ε
726 1898 959 1977 nocturnaque
977 1883 1068 1953 furta
1084 1882 1245 1953 lieentum

280 2005 529 2102 Cornipedum,
548 2020 583 2074 et
602 2004 740 2099 cupidas
756 2009 949 2074 Faunorum
968 2007 1088 2076 arcebo
1107 2009 1250 2100 rapinas.
1264 2038 1281 2070 s

327 2127 468 2196 Dixerat
489 2153 497 2195 :
518 2141 570 2196 ast
587 2124 653 2195 illis
671 2127 804 2195 tenuior
820 2151 1019 2221 percurrere
1034 2128 1125 2193 visus
1184 2110 1186 2114 ὗ

281 2247 351 2312 Ora
371 2246 471 2333 situs,
493 2246 674 2338 viridisque
693 2247 797 2314 comis
817 2247 949 2314 exaruit
969 2247 1102 2313 humor.

280 2363 438 2432 Protinus
456 2365 612 2435 Inachios
629 2366 743 2434 haurit
760 2365 832 2433 sitis
851 2367 948 2459 ignea
969 2389 1113 2458 campos.

280 2483 454 2581 Diffugere
471 2484 570 2554 undae
591 2512 599 2553 :
618 2482 774 2577 squalent
790 2484 986 2577 sontesque,
1007 2483 1177 2577 lacusque,

282 2610 324 2678 Et
344 2630 425 2676 cava
443 2606 584 2676 ferventi
600 2606 784 2675 durescunt
801 2606 941 2674 flumina
958 2606 1049 2675 limo.

282 2731 381 2824 AEgra
402 2726 475 2798 solo
495 2731 636 2814 macies,
655 2729 827 2820 tenerique
844 2729 878 2794 in
898 2729 1028 2823 origine
1049 2726 1147 2795 culmi

281 2848 443 2919 Inclinato
461 2874 552 2944 seges
575 2875 582 2918 :
604 2849 780 2943 deceptum
803 2852 952 2944 margine
972 2851 1052 2942 ripae

281 2973 354 3039 Stat
375 2996 497 3064 pecus,
517 2985 618 3064 atque
636 2996 749 3039 amnes
769 2985 923 3064 qnaerunt
943 2986 1093 3038 armenta
1116 2985 1256 3038 notatos.

329 3092 384 3158 Sic
405 3092 462 3158 ubi
484 3114 518 3158 se
540 3093 668 3185 magnis
687 3091 812 3160 refluus
833 3093 1016 3185 suppressit
1037 3094 1070 3158 in
1090 3093 1193 3158 antris

280 3207 394 3295 Nilus,
411 3227 445 3278 et
466 3215 546 3280 Eoae
564 3210 725 3305 liquentia
746 3210 868 3305 pabula
886 3212 1012 3279 brumae

281 3332 350 3398 Ore
367 3334 506 3423 premit,
525 3333 654 3400 fumant
673 3333 810 3402 desertae
826 3334 958 3427 gurgite
977 3332 1093 3416 valles,

280 3453 321 3518 Et
341 3452 444 3544 patris
461 3451 581 3519 undosi
601 3455 730 3520 sonitus
745 3468 912 3546 exspectat
932 3452 1043 3521 hiulca

280 3573 455 3664 AEgyptos,
473 3571 580 3640 donec
600 3573 730 3654 Phariis
750 3570 909 3642 alimenta
928 3590 1064 3668 rogatus

279 3694 391 3759 Donet
413 3692 515 3786 agris,
534 3717 759 3787 magnumque
776 3693 913 3763 inducat
932 3697 1093 3764 messibus
1111 3722 1248 3764 anunm.

329 3817 410 3881 Aret
429 3817 540 3881 lerna
560 3837 701 3901 nocens,
722 3829 792 3882 uret
811 3818 970 3908 Lyrcius,
991 3833 1024 3885 et
1042 3819 1159 3911 ingens

281 3932 443 4020 hrachns,
462 3933 708 4028 adverrensque
726 3937 876 4004 natantia
895 3962 971 4005 saxa
991 3938 1200 4018 Charadrus,

282 4057 325 4121 Et
340 4078 513 4148 nunquam
533 4056 568 4122 in
586 4056 667 4149 ripis
684 4056 793 4125 audax
810 4061 984 4147 Erasinus,
1004 4074 1036 4128 et
1056 4084 1171 4152 aequus
