2812 5258
66 409 180 471 esu.)
397 406 606 461 rnnnnoos
628 405 739 461 inan
753 407 788 458 v.
1069 413 1106 479 4,

66 529 256 602 Dissultant
272 553 375 597 nexus
393 555 400 596 :
418 559 435 593 a
447 533 491 598 At
506 554 572 598 nou
593 553 667 598 mea
688 528 839 614 vulnera,
861 527 997 614 clamat,

67 653 137 744 (Et
153 649 246 719 trabe
263 647 409 717 fraxinea
427 652 604 744 Capaneus
623 650 711 718 subit
730 650 848 718 obvius
859 646 890 743 ),
908 671 1058 742 unquam

64 768 234 864 Effugies,
253 792 311 837 seu
329 781 367 837 tu
385 768 498 864 pavidi
514 769 604 839 ferus
621 769 730 838 incola
748 768 831 856 luci,

66 890 145 959 Sive
164 890 262 975 Deis,
282 892 476 983 utinamque
495 890 574 958 Deis
594 914 750 958 concessa
769 887 922 982 voluptas
944 916 951 956 :

67 1010 165 1095 Non,
184 1012 211 1078 si
230 1025 418 1079 consertum
437 1033 537 1104 super
554 1010 624 1078 baec
644 1010 725 1078 mihi
745 1009 893 1079 membra
913 1011 1059 1103 Giganta

68 1128 284 1199 Subveheres.
296 1159 313 1193 n
332 1127 433 1198 Volat
453 1129 548 1197 hasta
566 1143 727 1218 tremens,
747 1143 780 1197 et
799 1130 926 1198 hiantia
943 1130 1081 1197 monstri

68 1251 139 1316 Ora
157 1249 266 1336 subit,
283 1248 470 1343 linguaeque
490 1263 578 1316 secat
598 1247 669 1316 fera
688 1246 797 1316 vincla
817 1246 983 1315 trisulcae:

68 1371 197 1461 Perque
214 1369 315 1462 jubas
333 1382 473 1450 stantes,
491 1369 674 1460 capitisque
694 1369 823 1462 insigne
841 1369 969 1436 corusci

69 1490 213 1570 Emicat,
235 1502 268 1557 et
290 1488 376 1582 nigri
396 1489 487 1556 sanie
506 1487 638 1582 perfusa
658 1490 784 1557 cerebri

69 1609 198 1702 Figitur
216 1605 283 1676 alta
300 1605 372 1676 solo
393 1633 401 1675 ε
422 1605 540 1702 longus
557 1609 612 1676 vix
630 1623 700 1677 tota
717 1609 845 1703 peregit

69 1728 223 1796 Membra
238 1727 347 1814 dolor,
365 1727 481 1821 rapido
496 1727 583 1797 celer
597 1727 652 1798 ille
668 1728 836 1797 volumine
852 1726 955 1798 telum

69 1849 214 1932 Circuit,
232 1846 450 1939 avulsumque
467 1847 571 1915 ferens
589 1849 623 1916 in
639 1873 742 1949 opaca
759 1849 880 1944 refugit

69 1965 211 2058 Templa
225 1968 289 2034 Dei
306 1992 314 2033 ε
331 1966 386 2034 bic
401 1991 524 2061 magno
540 1966 691 2036 tellurem
706 1967 852 2062 pondere
871 1993 1003 2038 mensus

71 2083 310 2178 Implorantem
329 2088 473 2155 animam
491 2085 634 2156 dominis
653 2086 798 2157 assibilat
815 2089 890 2157 aris.

123 2203 222 2273 lllum
237 2221 270 2274 et
285 2221 432 2301 cognatae
447 2222 565 2301 stagna
580 2207 788 2302 indignantia
803 2212 937 2295 Lernae,

70 2322 223 2393 Floribus
241 2341 274 2394 et
291 2328 401 2396 vernis
419 2342 555 2396 assuetae
572 2352 727 2422 spargere
744 2329 921 2422 Nymphae,

71 2443 115 2512 Et
133 2446 274 2514 Nemees
289 2462 439 2540 reptatus
456 2472 553 2541 ager,
574 2446 730 2543 lucosque
747 2473 808 2543 per
827 2474 940 2518 omnes

72 2562 251 2648 Silvicolae,
271 2564 391 2651 fracta,
413 2569 599 2660 gemuistis,
619 2567 798 2655 arundine,
818 2570 934 2637 Fauni.

119 2687 194 2778 Ipse
210 2686 309 2753 etiam
324 2710 451 2754 summa
462 2689 531 2779 jam
547 2686 611 2754 tela
627 2702 822 2781 poposcerat
835 2687 937 2754 aethra

70 2806 236 2897 Juppiter,
256 2820 290 2872 et
307 2804 433 2875 dudum
452 2804 624 2898 nimbique
642 2806 830 2898 hiemesque
848 2805 998 2887 coibant,

71 2924 117 2993 Ni
135 2927 244 2993 minor
264 2927 313 2993 ira
330 2929 420 3013 Deo,
443 2928 661 3021 gravioraque
679 2924 743 2994 tela
760 2925 879 2993 mereri

70 3045 225 3113 Servatus
242 3048 417 3138 Capaneus
435 3073 442 3114 :
462 3047 543 3114 moti
562 3060 672 3114 tamen
689 3069 769 3115 aura
786 3046 932 3114 cucurrit

70 3161 249 3250 Fulminis,
270 3180 303 3232 et
319 3190 463 3235 summas
479 3164 596 3235 libavit
611 3168 734 3235 vertice
749 3167 873 3236 cristas.

119 3286 256 3376 Jamque
271 3288 448 3378 pererratis
464 3285 577 3355 infelix
593 3287 730 3355 Lemnia
745 3286 887 3380 campis,

71 3401 172 3469 Liber
186 3418 223 3471 ut
239 3427 350 3498 angue
363 3403 473 3489 locus,
489 3405 620 3476 modico
634 3431 734 3501 super
747 3429 867 3501 aggere
881 3403 978 3499 longe

69 3518 196 3589 Pallida
211 3525 399 3617 sanguineis
416 3524 551 3595 infectas
565 3528 697 3596 roribus
711 3526 829 3596 herbas

69 3641 235 3733 Prospicit
255 3669 262 3709 :
281 3643 346 3714 huc
365 3670 486 3740 magno
505 3671 639 3716 cursum
656 3649 745 3742 rapit
760 3647 861 3716 effera
880 3645 988 3739 luctu,

72 3761 298 3854 Agnoscitque
314 3764 404 3834 nefas
423 3793 431 3835 :
450 3781 611 3861 terraeque
626 3767 710 3838 illisa
727 3771 859 3837 nocenti

69 3877 234 3948 Fulminis
251 3882 444 3970 iuniorem,
462 3912 530 3956 non
548 3889 649 3958 verba
665 3891 700 3958 in
719 3888 833 3960 funera
849 3890 976 3982 primo,

70 4000 150 4068 Non
166 3999 329 4095 lacrymas
344 4002 443 4075 habet
457 4033 465 4074 ε
481 4010 663 4103 ingeminat
679 4011 799 4079 misera
811 4005 925 4077 oscula
941 4018 1069 4074 tantum

217 4146 252 4190 υ·
290 4158 293 4163 ·
925 4126 947 4205 r
