2812 5258
179 428 208 499 ju
486 426 536 479 DE
554 426 583 478 P.
606 424 756 477 PAPINIO
776 423 911 477 sumo

183 553 319 643 citiique
334 549 576 644 perseverantia
590 561 757 615 assecutus
774 560 822 614 est
842 548 981 633 Statius,
993 561 1028 614 ut
1042 571 1213 640 nunquam

182 668 349 738 defuerint
366 669 430 734 viri
456 664 671 734 laudatissimi
691 666 841 757 quicum
869 664 920 732 vel
947 663 1060 757 elogiis
1081 666 1214 737 extolle·

182 803 256 857 rent
279 785 331 854 vel
354 783 516 853 imitando
534 785 715 877 exprimere
739 783 933 851 studerent:
955 785 1041 852 inter
1060 786 1215 878 antiquos

182 904 400 990 Claudianus,
427 902 583 971 Sidonius
618 900 838 994 Apollinaris,
866 902 1096 994 Symmachus;
1128 905 1216 973 inter

181 1024 398 1108 recentiores,
413 1025 557 1109 Dantes,
577 1024 712 1108 Tassus,
731 1023 924 1106 Boccatius,
943 1024 1041 1113 Hugo
1061 1024 1214 1109 Grotius,

182 1148 235 1212 Fr.
255 1142 477 1229 Malherbius,
496 1157 534 1210 ut
554 1158 678 1210 taceam
703 1142 907 1235 poeticarum
930 1164 1090 1209 venerum
1116 1143 1215 1211 nimis

183 1278 349 1357 suspectos
381 1263 507 1357 judices
536 1261 738 1354 Scaligeros,
767 1260 1023 1347 Casaubonum,
1048 1262 1215 1353 Lipsium,

182 1383 410 1468 Gronovium,
424 1381 570 1472 aliosque
587 1379 789 1474 philologos,
807 1381 865 1472 qui
885 1380 1025 1447 Statium
1045 1378 1217 1448 dilaudant

183 1500 346 1569 indefessi.
373 1502 539 1569 Nimirum
564 1500 600 1567 hi
622 1498 770 1567 locorum
798 1497 925 1590 aliquot
951 1496 1158 1590 splendorem
1183 1513 1216 1566 et

183 1616 309 1687 felicem
320 1618 508 1705 audaciam,
523 1616 702 1685 multarum
717 1616 900 1684 dictionum
917 1617 1124 1708 ingeniosum
1140 1641 1218 1685 acu-

182 1761 279 1822 men,
298 1740 332 1805 in
350 1738 464 1824 rebus,
484 1762 557 1828 quae
580 1735 683 1805 oculis
706 1736 947 1829 percipiuntur,
971 1736 1107 1828 picturae
1130 1738 1217 1805 veri·

185 1869 303 1943 tatem,
322 1870 360 1924 ut
378 1881 439 1950 par
458 1870 544 1942 erat,
564 1869 799 1947 agnoverunt:
817 1853 873 1921 sed
890 1854 1029 1922 nimium
1046 1856 1116 1921 istis
1132 1853 1220 1923 dele·

184 1975 263 2043 etati
284 1974 325 2043 de
348 1977 502 2044 universo
530 1989 635 2069 poetoe
660 1975 794 2066 ingenio
813 1989 871 2042 aut
896 1973 976 2043 falsa
997 1975 1140 2066 judicia,
1160 1989 1219 2043 aut

184 2117 252 2160 non
275 2096 353 2162 satis
378 2095 616 2187 circumspecta
640 2092 799 2162 tulerunt.
826 2096 865 2160 ln
892 2118 1002 2161 rerum
1027 2095 1220 2161 inventione

184 2236 257 2304 quae
274 2228 308 2282 et
323 2238 408 2283 nova
425 2228 458 2282 et
474 2213 580 2282 felicia
597 2215 685 2299 sint,
705 2212 945 2281 animadvertas
965 2212 999 2276 in
1022 2212 1126 2277 Statio
1144 2235 1220 2303 per-

184 2335 380 2426 paucissima
396 2332 522 2400 :multa
541 2336 575 2398 in
597 2333 759 2415 dictione,
775 2329 851 2396 licet
862 2330 895 2395 in
911 2328 1100 2395 universum
1117 2330 1220 2400 modo

185 2450 326 2534 tumida,
343 2452 441 2517 modo
461 2462 597 2540 arguta,
615 2449 714 2514 modo
732 2472 876 2540 operosae
893 2446 1074 2539 elegantiae,
1096 2450 1220 2542 ubique

184 2566 251 2635 sere
269 2565 520 2636 insolentiorum
538 2581 657 2634 temere
674 2565 831 2634 studiosa.
847 2570 886 2633 ln
900 2568 1218 2659 comparationibus,

186 2711 268 2779 quas
288 2689 369 2755 mire
388 2685 535 2773 affectat,
553 2710 810 2780 nonnunquam,
833 2701 870 2754 ut
888 2685 1004 2779 loquar
1021 2686 1140 2774 libere,
1159 2689 1219 2756 ab·

185 2805 303 2874 surdus
325 2820 374 2874 est
399 2820 456 2874 aut
478 2822 693 2875 monstrosus.
709 2805 887 2899 Virgilium
917 2820 952 2874 ut
977 2806 1151 2894 adorabat,
1171 2809 1218 2877 ita

186 2927 332 2993 imitatus
348 2939 399 2994 est
414 2927 607 3020 saepissime,
624 2926 742 2996 deinde
759 2929 947 3013 Lucanum,
965 2925 1138 3018 aliquoties
1151 2931 1218 2995 Ho-

185 3045 317 3112 ratium.
345 3073 363 3108 a
377 3046 448 3113 Nec
466 3044 635 3138 vulgarem
651 3035 704 3140 (ut
722 3046 859 3114 Handt'i
872 3047 980 3114 verbis
996 3044 1125 3139 loquar)
1143 3046 1218 3114 imi-

187 3162 278 3231 tandi
292 3162 428 3232 modum
440 3166 587 3256 sequitur
604 3167 747 3251 Statius,
765 3165 821 3233 sed
841 3166 897 3233 ubi
915 3163 1054 3233 aliorum
1072 3166 1217 3258 vestigiis

187 3284 327 3370 insistit,
347 3285 456 3377 ipsum
484 3285 645 3353 incessum
673 3283 790 3352 callida
816 3298 886 3351 arte
904 3282 987 3352 celat
1014 3310 1021 3350 :
1046 3309 1112 3378 quo
1132 3310 1219 3380 saepe

188 3401 245 3487 fit,
264 3417 301 3470 ut
317 3404 425 3471 verbis
446 3402 587 3471 multum
605 3404 647 3471 ab
667 3405 706 3472 iis
724 3402 888 3487 discedat,
908 3404 1028 3494 quibus
1047 3405 1150 3498 ipsam
1168 3405 1219 3474 in·

189 3521 377 3588 ventionem
393 3520 518 3589 debeat.
534 3525 585 3590 De
598 3546 712 3613 quare
729 3522 857 3614 egregie
868 3521 1042 3589 Henlttus:
1056 3526 1152 3591 Unus
1170 3539 1220 3593 est

190 3661 229 3705 ex
251 3637 467 3707 callidissimis
486 3640 706 3707 imitatoribus
724 3640 891 3732 Papinius.
910 3641 1048 3730 Ingenio
1074 3665 1134 3709 suo
1153 3642 1218 3712 fre·

190 3769 260 3841 tus,
276 3757 333 3824 ubi
348 3759 506 3845 imitatur,
520 3782 701 3850 numquam
718 3757 901 3852 exemplum
918 3783 1014 3826 suum
1028 3761 1119 3852 sequi
1129 3760 1216 3849 vult,

189 3873 245 3942 sed
261 3874 415 3967 praesilire
433 3901 472 3945 ac
490 3878 577 3945 circa
594 3877 726 3946 eosdem
745 3902 858 3946 sensus
879 3893 1043 3948 certamen
1060 3905 1135 3947 cum
1161 3879 1218 3948 illo

190 3993 282 4061 inire.
300 3997 434 4067 Homeri
447 3995 643 4088 virgiliique
662 4022 760 4090 quam
782 3997 923 4091 plurima
940 4003 1116 4095 expressit,
1134 4024 1217 4068 sem·
