2812 5258
310 424 362 480 150
608 427 820 484 mutuos
840 430 949 484 LIBER
972 430 1024 484 lx.
1232 427 1344 489 (vass.)

310 551 462 643 Cespite,
479 549 621 649 populeo
636 549 846 618 commendat
865 550 991 644 spicula
1010 565 1140 617 trunco.

309 671 405 738 Tunc
420 694 498 737 vero
517 669 683 737 exanimes
702 667 839 736 tradunt
855 669 1060 763 rapientibus
1078 666 1166 735 ultro

309 793 412 857 Arm
433 786 524 855 vadis
540 784 621 855 :alii
636 786 771 857 dimissa
784 789 926 877 casside,
942 804 1105 883 quantum

309 907 456 977 Tendere
474 923 615 977 conatus
632 910 750 977 anim
767 909 903 979 valuere
920 912 982 981 sub
999 909 1117 999 undis,

307 1031 419 1122 Turpe
436 1026 563 1097 latent:
578 1026 675 1097 multi
692 1028 830 1099 fluvium
848 1033 1070 1099 transmittere
1088 1030 1201 1098 nando

307 1149 488 1242 Aggressi3
507 1147 567 1216 sed
584 1147 694 1218 vinela
708 1163 837 1237 tenent,
854 1149 1015 1244 laterique
1034 1164 1200 1245 repugnat

307 1265 459 1354 Battus,
477 1282 512 1336 et
527 1267 680 1337 madidus
697 1268 833 1339 deducit
848 1285 982 1365 pectora
997 1271 1125 1340 thorax.

356 1386 478 1477 Qualis
493 1385 644 1458 micis
660 1389 789 1458 umido
804 1391 868 1459 sub
883 1391 1016 1486 gurgite
1035 1406 1142 1460 terror

308 1508 478 1594 Piscibus,
494 1508 607 1576 armni
625 1508 754 1600 quoties
771 1506 897 1579 devexa
911 1510 1069 1604 profundi

308 1629 521 1697 Scrutantem
536 1623 695 1721 delphina
710 1625 847 1695 vident:
863 1627 951 1722 fugit
965 1630 1074 1697 omnis
1092 1631 1127 1697 in
1146 1631 1229 1697 imos

307 1747 423 1816 ‘huba
436 1745 547 1833 unis,
563 1744 751 1840 viridesque
765 1761 858 1816 metu
873 1748 1039 1841 stipantur
1059 1749 1094 1815 in
1113 1747 1221 1843 algas;

308 1867 380 1935 Nec
397 1867 492 1962 prius
506 1866 645 1952 emersi,
663 1889 763 1959 quam
783 1890 912 1935 summa
931 1891 992 1961 pm·
1009 1891 1143 1961 aequora
1160 1867 1263 1936 flexus

309 1988 455 2074 Emioet,
472 2000 507 2055 et
523 1986 603 2056 visis
621 1984 716 2055 malit
731 2001 862 2055 certare
879 1987 1011 2057 earinis

355 2103 445 2174 Talis
461 2107 532 2200 agit
544 2130 693 2199 sparsos,
708 2105 891 2200 mediisque
908 2107 943 2175 in
962 2105 1117 2176 fluctibus
1135 2106 1231 2172 heros

307 2226 415 2293 Frena
433 2248 535 2293 manu
548 2226 684 2318 pariter,
699 2227 824 2318 pariter
836 2227 923 2318 regit
937 2249 1046 2310 arma,
1061 2222 1246 2318 pedumque

307 2343 460 2434 Remigio
476 2355 640 2409 sustentat
655 2365 798 2433 equum,
812 2356 1038 2433 consuetaque
1056 2364 1173 2432 campo

307 2460 480 2545 Fluctuat,
497 2473 531 2528 et
548 2482 673 2528 mersas
691 2457 771 2529 levis
789 2457 917 2554 ungula
932 2461 1051 2552 querit
1066 2444 1194 2528 arenas.

308 2578 829 2661 SternitlonaChromis,Cbromin
839 2581 1176 2670 Antiphos,Antipbon
1186 2579 1344 2668 Hypseus,

308 2704 461 2795 Hypseus
480 2702 663 2796 Astyagm,
680 2723 922 2794 evasurumque
939 2697 1056 2768 relicto

309 2827 416 2892 Amne
432 2821 571 2908 Linum,
589 2821 623 2889 ui
641 2819 709 2890 fata
726 2835 856 2906 vetent,
873 2835 907 2890 et
927 2819 1066 2888 stamine
1079 2817 1188 2911 primo

310 2940 466 3013 Ablatum
485 2939 604 3010 tellure
618 2942 703 3010 mori
720 2967 729 3008 t
749 2940 870 3035 premit
887 2939 1020 3033 agmina
1034 2937 1163 3006 Thebes

309 3061 562 3155 Hippomedon,
582 3061 695 3130 turbat
713 3063 847 3129 Danaos
865 3059 1006 3151 Asopius
1026 3062 1198 3151 Hypseus:

309 3185 424 3250 Amnis
442 3195 621 3274 utrumque
639 3183 754 3249 timet:
773 3203 883 3248 crasso
903 3176 987 3246 vada
1003 3191 1111 3246 mutat
1129 3191 1270 3267 uterque

311 3303 500 3395 Sanguine,
517 3317 551 3369 et
565 3326 586 3368 a
603 3300 706 3389 fluvip
720 3300 830 3368 neutri
849 3296 948 3366 fatale
965 3299 1097 3366 reverti.

357 3422 432 3488 Jam
449 3418 548 3488 laceri
567 3421 683 3512 pronis
703 3415 884 3486 volvuntur
902 3417 1053 3486 cursibus
1071 3430 1184 3499 artus,

311 3541 465 3631 Oraque,
483 3551 518 3605 et
534 3538 667 3606 abscisae
686 3536 827 3606 redeunt
846 3539 881 3605 in
896 3552 1030 3631 pectora
1048 3534 1180 3602 dextrae.

311 3655 448 3753 Spicula
462 3659 531 3748 jam
547 3655 747 3752 clypeosque
761 3654 849 3726 leves
866 3680 1028 3749 arcusque
1042 3654 1193 3723 remissos

312 3777 412 3849 Unda
427 3776 535 3860 vebit,
553 3773 730 3872 galeasque
747 3791 861 3846 vetant
879 3773 1078 3846 descendere
1095 3777 1208 3847 criste.

312 3902 448 3968 Summa
465 3901 557 3992 vagis
577 3895 641 3966 late
657 3912 853 3968 sternuntur
874 3896 1011 3968 flumina
1030 3894 1119 3977 telis,

313 4022 383 4086 lma
404 4018 482 4086 viris
497 4039 506 4081 τ
532 4018 599 4090 illic
614 4015 781 4088 luctentur
794 4014 1035 4114 corporalem,
