2812 5258
193 481 222 552 vj
492 478 542 532 uu
562 478 590 530 r.
614 476 767 531 ramum
787 478 924 532 smum

195 604 259 672 hoc
285 604 492 695 potissimum
516 602 660 668 carmine
677 599 838 692 sperabat.
864 600 1003 667 Materia
1024 599 1092 667 lraec
1111 613 1225 693 poeta·

194 745 268 792 rum
293 737 327 791 et
354 723 521 815 epicorum
547 735 579 788 et
607 720 812 788 scenicorum
836 719 952 787 studiis
976 717 1117 786 multum
1143 719 1226 790 celo-

195 842 290 913 brata
302 855 380 910 erat.
392 844 483 909 Inter
500 843 635 910 Graecos
651 855 727 932 post
745 839 945 908 Thebaidem
962 837 1133 933 cyclicam,
1150 864 1225 932 quae

193 961 236 1030 ab
263 959 428 1053 aliquibus
447 959 496 1027 vel
516 960 557 1028 ad
584 964 764 1028 Homerum
783 959 995 1045 referebatur,
1020 957 1129 1052 plures
1151 984 1224 1028 eam

193 1080 336 1172 aggressi
357 1093 435 1147 sunt
456 1105 464 1145 :
492 1079 670 1148 Menelaus
694 1083 824 1173 AEgeus
850 1078 1023 1146 duodecim
1044 1077 1134 1145 libris
1151 1077 1225 1170 (sed

193 1198 262 1290 ejus
282 1212 385 1291 poetae
405 1199 516 1266 tenuia
542 1211 670 1265 tantum
694 1199 831 1290 vestigia
850 1211 992 1284 restant,
1014 1222 1066 1289 ap.
1085 1194 1223 1263 Suidam

192 1340 218 1383 s.
233 1340 287 1402 v.,
304 1316 415 1408 Steph.
436 1320 511 1409 Byz.
532 1342 557 1385 s.
576 1341 629 1385 vv.
641 1313 779 1414 Τὲμμιξ
797 1331 829 1385 et
840 1315 1010 1408 Ὑρμίνη),
1023 1317 1225 1406 Antagoras

192 1432 344 1504 Rhodius
362 1436 410 1526 (in
424 1438 505 1502 Vita
519 1436 611 1504 Arati
634 1460 686 1529 ap.
700 1438 829 1504 Ernest.
845 1434 991 1520 Callim,
1007 1448 1030 1500 t.
1047 1457 1077 1517 1,
1087 1458 1119 1525 p.
1132 1429 1196 1526 591
1212 1459 1221 1499 :

192 1576 270 1620 narn
297 1555 331 1620 in
357 1553 407 1621 ed.
438 1555 532 1621 Imm.
555 1554 689 1623 Belleri
715 1552 779 1623 alia
800 1568 902 1623 exstat
925 1579 933 1620 :
957 1550 1105 1645 Apostol.
1134 1553 1221 1619 Pro·

191 1670 301 1740 verbb.
320 1697 353 1757 v,
372 1671 433 1756 82,
451 1671 502 1739 vel
516 1676 632 1740 Arsen.
653 1677 687 1741 V
689 1673 741 1741 r‘ol.
760 1699 792 1766 p.
815 1670 879 1755 146
893 1668 1083 1739 Walz.coll.
1103 1670 1222 1738 Jacobs

190 1789 234 1860 ad
249 1791 406 1877 Antdol,
426 1790 491 1859 vol.
508 1816 586 1877 ιιιιι,
607 1818 640 1885 p.
662 1790 767 1886 843),
789 1791 844 1859 sed
862 1790 1042 1884 praesertim
1060 1791 1220 1860 Aurius-

191 1934 280 1983 cuus
305 1911 551 2007 Colophonius,
581 1915 640 2005 qui
662 1910 773 2005 paullo
798 1926 874 1978 ante
902 1908 1073 1978 Platonem
1094 1911 1221 2001 epicam

191 2032 304 2125 poesin
330 2033 544 2099 instauratam
568 2035 618 2100 sui
638 2033 793 2125 temporis
817 2032 951 2122 ingenio
974 2044 1006 2096 et
1031 2029 1140 2097 sensui
1165 2053 1221 2098 ac·

190 2149 420 2218 commodavit.
428 2151 528 2244 (Vide
536 2150 576 2218 de
593 2150 656 2219 hoc
674 2151 743 2243 ejus
761 2149 870 2217 studio
887 2153 925 2218 Α.
937 2150 973 2215 F.
991 2148 1022 2217 N
1024 2171 1166 2217 acrium
1185 2150 1221 2215 in

192 2269 447 2340 Choerr‘lr'Samii
458 2270 620 2362 reliquiis,
633 2273 737 2363 Lips,
756 2268 937 2362 1817,cap.
954 2292 1001 2353 rx,
1012 2292 1043 2359 p.
1054 2264 1100 2361 67
1110 2266 1222 2361 sqqf)

188 2391 220 2456 Is
237 2389 339 2480 igitur
356 2402 388 2456 et
407 2388 499 2480 prius
512 2388 634 2455 bellum
659 2387 857 2472 thebanum,
879 2386 969 2478 quod
992 2385 1113 2453 Statius
1133 2388 1220 2454 ceci·

189 2507 254 2593 nit,
280 2519 313 2574 et
328 2504 467 2574 alterum
486 2508 714 2600 Epigonorum
733 2507 831 2573 unius
850 2505 1004 2573 carminis
1023 2505 1151 2574 ambitu
1170 2506 1222 2574 in-

187 2627 278 2720 genti
299 2624 479 2711 conclusit,
502 2626 542 2694 de
566 2651 632 2718 quo
649 2626 786 2712 Cicero,
807 2629 918 2709 Brut„
943 2649 976 2694 nr
996 2652 1004 2692 ε
1027 2628 1220 2717 «Magnum

187 2744 271 2813 illud
297 2745 388 2838 quod
413 2746 551 2812 novistis
571 2742 761 2816 volumen...
790 2744 1000 2813 reconditum
1026 2768 1157 2812 carmen
1183 2770 1220 2811 :s

187 2888 264 2932 nam
282 2863 425 2956 mythica
442 2863 594 2932 doctrina
615 2861 807 2932 abundabat
827 2878 859 2931 et
879 2862 1055 2931 artificiosa
1073 2861 1219 2931 dictione

187 2982 359 3052 incedebat
381 3008 389 3049 :
415 2981 472 3051 sed
490 2982 531 3050 de
548 2997 618 3051 toto
638 2985 683 3051 ita
699 2983 827 3076 judicat
846 2982 1216 3070 Quinctilianus,1nst.

186 3126 225 3188 x,
240 3125 271 3189 1,
288 3102 308 3192 S
324 3099 345 3171 3
371 3126 379 3168 :
405 3104 476 3170 «Et
491 3099 663 3170 affectibus
680 3116 713 3170 et
726 3103 933 3195 jucunditate
952 3116 985 3170 et
1003 3101 1218 3195 dispositione

185 3236 218 3289 et
233 3223 370 3289 omuino
388 3237 459 3290 arte
475 3221 626 3292 deficitur
644 3248 652 3288 ε
668 3249 685 3285 s>
702 3247 901 3314 quamquam
912 3222 976 3290 hoc
988 3221 1152 3313 judicium
1170 3219 1217 3289 le-

224 3422 238 3448 *
251 3424 286 3477 In
299 3422 360 3494 ejus
374 3423 543 3479 carminibus
556 3425 674 3497 ponitur
687 3424 770 3479 etiam
783 3442 888 3491 unum,
902 3424 948 3478 cui
963 3424 1061 3480 titulus
1074 3421 1216 3499 esthtvn,

184 3532 244 3589 quo
270 3513 342 3588 quid
358 3514 463 3571 laceret
479 3533 539 3569 non
562 3515 708 3588 exputavit
728 3515 988 3591 Schellenbergius,
1006 3514 1139 3588 quiante
1161 3514 1216 3571 hos

184 3604 242 3662 fere
255 3605 444 3681 qrradraginta
458 3623 547 3660 annos
561 3605 721 3661 Antimachi
734 3606 890 3682 fragmenta
904 3606 1016 3683 collegit
1030 3617 1057 3661 et
1066 3605 1149 3660 docte
1162 3624 1215 3661 ex-

184 3695 291 3770 plicuit·
305 3697 399 3751 Locus
411 3696 457 3752 hic
470 3705 511 3751 etl
530 3715 537 3750 ἓ
555 3695 692 3774 luipone<
703 3695 794 3774 Ῐαχίνῃ.
810 3707 852 3759 Tol
866 3702 929 3776 ‹t’tp’
938 3707 959 3757 ol
974 3707 1116 3773 ἀβολήτορις
1129 3699 1216 3775 ἄνδρες

184 3796 259 3850 ἴασιν.
273 3790 309 3842 V.
324 3789 359 3842 D.
382 3787 412 3841 in
432 3787 585 3843 Gaislordii
605 3789 701 3843 Poetis
714 3809 758 3862 gr.
778 3791 916 3857 minonb,
938 3789 994 3846 vol.
1017 3807 1072 3858 ru,
1090 3807 1118 3861 p.
1138 3789 1214 3859 252,

183 3879 227 3936 ed.
241 3880 317 3954 Lips.
332 3890 421 3933 tentat
435 3899 441 3933 :
456 3879 601 3957 Ᾱντίμαχος·
614 3876 735 3956 letzem
749 3884 775 3939 δ’
786 3890 823 3959 ἄρ’
837 3892 857 3942 et
871 3891 927 3955 ὰβ,,
946 3892 997 3936 etc.
1013 3880 1214 3935 Mihiinmen·

182 3981 239 4026 lem
251 3969 545 4046 venerandumque·
561 3968 791 4048 lsczidotd'olpo
810 3982 830 4032 ol
847 3983 901 4044 ἀβ,,
920 3982 986 4040 etc,
1006 3990 1091 4045 quam
1109 3970 1209 4041 conje-

183 4073 292 4121 cturam
309 4063 452 4138 preferat,
467 4062 518 4136 qui
531 4080 664 4118 numeros
680 4063 804 4119 attendit
