2812 5258
330 464 370 517 IN
391 465 420 517 P.
442 464 471 516 P.
493 463 877 518 STAT11THEB.LIB.1.
1063 463 1118 543 297

126 574 196 633 AEvo
205 579 321 631 ducente
335 575 373 653 (v.
390 574 466 651 396).
484 577 639 632 Commode
657 578 712 632 hoc
726 578 860 651 explicari
873 597 931 633 non
943 591 1044 653 potest.
1060 586 1117 641 Sed

90 666 215 740 optimus
229 667 292 722 cod.
307 667 412 722 Burthii
428 678 455 722 et
469 669 537 739 Reg.
556 687 567 721 1
586 670 674 721 :Fato
687 669 748 722 duc.

125 759 211 814 Noto
227 759 335 812 soccum
353 758 456 812 cubilia
477 771 556 813 terroe
570 756 606 832 (v.
629 756 715 834 460)?
732 760 819 813 Recte
833 758 905 814 vidit
918 762 1047 820 Barthiue
1060 785 1118 821 ser.

84 869 197 906 monem
209 850 256 904 hic
273 847 422 904 artificiose
435 867 494 904 csse
509 849 712 922 interruptum,
726 860 758 903 ut
774 850 803 902 in
817 851 963 907 notissimo
981 856 1114 932 virgilii:

85 942 144 996 Hos
156 959 251 1014 ego-
264 942 334 994 :sed
344 951 448 1008 motos,
458 950 509 995 cte.
518 941 642 996 Statiana
649 943 776 1014 exempla
790 940 864 996 idem
877 942 967 1014 dedit,
975 964 998 1000 e.
1009 966 1032 1002 c.
1046 966 1119 1018 vm,

85 1033 146 1089 60:

191 1139 234 1187 Me
247 1151 387 1203 quoque-
404 1153 411 1186 :
425 1135 466 1185 sod
480 1135 545 1185 dura
558 1136 642 1185 melior
653 1136 764 1187 violentia
776 1137 839 1202 legis.

124 1280 252 1334 Protervo
265 1278 390 1333 Pirithoo
412 1276 450 1354 (v.
476 1276 530 1346 475
549 1275 603 1354 sq.)
618 1278 690 1350 Quia
709 1297 766 1352 prae
784 1298 879 1336 amore
899 1282 1072 1356 Proseipinae
1088 1285 1119 1339 in

85 1371 190 1426 Orcum
205 1380 354 1443 penetrare
367 1389 427 1425 non
441 1369 588 1426 dubitavit.

129 1464 217 1534 Quem
227 1481 286 1536 per
297 1464 459 1518 Theumesia
476 1464 578 1535 Tempe
593 1459 630 1536 (v.
644 1462 698 1526 485
713 1461 796 1538 sqq.).
807 1464 901 1542 Fingit
915 1465 1001 1540 igitur
1014 1467 1118 1523 Statius
1190 1470 1193 1475 ’

85 1553 236 1609 cithaeronii
259 1554 348 1610 leonis
371 1553 477 1610 exuviis
493 1553 624 1608 amictum
646 1553 729 1610 fuisse
743 1555 908 1627 Herculem,
933 1577 991 1612 non
1006 1559 1118 1614 cleonaei

84 1665 134 1700 seu
151 1646 281 1716 ncmcaei,
300 1658 332 1701 ut
350 1645 505 1702 communis
522 1645 594 1701 fama
609 1647 674 1715 sert,
688 1649 732 1702 vel
752 1658 826 1702 certe
841 1659 905 1702 ante
920 1651 1023 1721 pellem
1043 1653 1118 1705 cele-

83 1737 216 1793 briorem.
233 1738 306 1793 Vide
320 1742 496 1793 Minucio.
511 1737 546 1792 ad
562 1740 643 1803 Silta,
666 1758 693 1808 v,
708 1758 742 1808 n,
759 1743 803 1806 48.
819 1742 954 1797 Praetcrea
969 1742 1119 1816 legendum

84 1848 148 1882 cum
158 1828 305 1883 Gronovio
313 1840 340 1883 ct
350 1829 433 1884 codd.
448 1847 506 1882 non
515 1831 624 1901 paucis,
634 1833 676 1885 vel
688 1831 844 1906 refragante
859 1832 967 1904 optimo
976 1834 1118 1901 :juvenili-

85 1920 134 1972 bus
147 1920 239 1974 annu.
254 1919 295 1974 Cf.
311 1920 393 1973 allata
411 1919 447 1973 ab
461 1919 522 1973 iutt.
537 1921 661 1989 Bonum,
678 1922 736 1975 Sat.
745 1961 755 1986 ,
773 1942 797 1990 1,
820 1942 850 1991 1,
865 1929 890 1986 4.

124 2009 225 2063 Siccoti
235 2012 354 2064 vulnera
368 2008 491 2081 lymphis
505 2007 542 2084 (v.
564 2008 639 2083 527).
654 2013 717 2065 lam
730 2014 806 2067 Lact.
825 2015 956 2069 observat
971 2012 1025 2069 hoc
1042 2033 1119 2069 sum·

83 2109 165 2171 ptum
182 2118 240 2156 esse
253 2114 289 2155 ex
302 2100 400 2174 virgil.
419 2101 544 2165 AEneici„
565 2119 600 2166 x,
620 2100 676 2167 834
696 2121 702 2155 :

187 2254 292 2304 Vulnera
303 2253 405 2304 siccabat
416 2253 542 2320 lymphis...

84 2397 120 2451 ad
130 2416 214 2470 quem
222 2398 240 2451 l.
250 2397 365 2454 Servius
375 2417 381 2451 :
393 2421 405 2445 «ι
413 2396 498 2451 Ratio
507 2414 573 2451 vcra
582 2406 639 2465 cst,
653 2398 719 2471 quia
731 2396 824 2455 fluxus
833 2400 1118 2476 sanguinisaquamm

84 2487 188 2562 frigore
202 2490 394 2543 continetur.»
1111 2481 1123 2497 “

126 2581 247 2654 Utroque
259 2583 340 2654 virgo
354 2576 391 2656 (v.
412 2576 488 2653 533).
506 2579 592 2656 Argia
604 2591 632 2634 et
647 2581 779 2656 Deipyle,
796 2580 859 2636 filiae
877 2582 999 2638 Adrasti.
1014 2581 1118 2658 (inin,

85 2691 126 2741 11,
145 2673 203 2728 203
218 2669 293 2746 sqq.)

127 2766 238 2820 Vivo...
253 2782 321 2818 aum
335 2761 373 2839 (v.
395 2760 470 2838 547).
489 2763 573 2818 ldest
593 2765 720 2819 vitamet
736 2765 895 2818 animorum
908 2764 1116 2836 motus-expri-

83 2869 183 2913 mente.
198 2858 296 2912 Paullo
311 2865 375 2929 post
387 2873 414 2908 v.
425 2852 480 2911 550
494 2855 577 2910 codd.
594 2857 691 2910 Behot.
706 2856 812 2929 ctReg.
831 2874 842 2908 ι
859 2858 989 2910 :lassant
1000 2874 1050 2909 om
1063 2875 1118 2929 pro

84 2951 183 3003 laxant
191 2969 200 3001 :
208 2949 288 3021 quod
301 2948 448 3020 imponere
461 2965 520 3000 non
529 2947 650 3000 debebat
664 2946 731 3000 viris
744 2945 965 3015 doctis31acant
977 2945 1022 3000 liic
1035 2947 1118 3002 unice

84 3056 190 3093 verum.

127 3129 241 3200 Crotopi
252 3126 288 3204 (v.
308 3128 384 3206 570).
400 3128 476 3184 «Hic
489 3147 539 3183 rex
552 3128 664 3202 argivus
678 3128 746 3198 fuit,
761 3129 811 3202 qui
825 3127 982 3200 Apollinem
996 3129 1118 3202 Typho-

85 3220 128 3276 nis
147 3219 220 3275 caede
240 3224 380 3294 pollutum
404 3221 535 3294 expiavit.
560 3220 632 3275 Huic
655 3218 712 3275 filia
732 3220 876 3275 Psamatbe
892 3218 963 3287 fuit,
976 3238 1040 3274 cum
1062 3239 1118 3293 qua

85 3312 189 3383 Apollo
208 3312 377 3384 concubuit;
395 3314 430 3369 de
444 3332 503 3386 quo
518 3330 680 3384 compressu
696 3311 785 3367 edidit
799 3307 924 3386 (genuit,
939 3311 1003 3366 cod.
1022 3309 1118 3386 Paris.)

85 3414 113 3458 et
126 3421 193 3456 mox
206 3402 311 3466 editum
332 3415 444 3476 partum
458 3404 589 3477 exposuit
603 3423 609 3456 :
625 3404 704 3477 quod
727 3404 829 3476 Apollo
848 3402 1028 3477 indignanter
1044 3402 1119 3457 acci-

84 3495 165 3567 piens
187 3494 216 3547 in
230 3493 382 3550 vindictam
397 3496 504 3568 injuriae
521 3514 576 3551 suae
590 3495 686 3567 injecit
700 3506 873 3564 monstrum,
887 3494 967 3568 quod
981 3493 1119 3548 Coroebus

86 3585 197 3641 occidit.
216 3608 227 3633 ι
972 3587 1057 3639 Luca.

129 3679 241 3751 quuc
249 3677 326 3731 sicca
326 3675 429 3746 strunt
437 3680 608 3752 trepidorum
614 3680 745 3734 'inhiusse
754 3681 880 3752 luporum
895 3676 932 3753 (v.
944 3673 1022 3751 626).
1038 3701 1050 3723 κ
1059 3676 1118 3731 Ora

83 3770 179 3843 jejuna
193 3766 358 3845 (luporum)
377 3769 470 3823 ierunt
486 3770 612 3828 homines
626 3772 744 3827 inhiasse
758 3781 877 3844 propter
896 3770 996 3825 samem
1011 3776 1039 3822 ct
1059 3784 1118 3821 non

85 3861 269 3916 comedisse.»
960 3861 1058 3914 Guoss.

125 3953 294 4025 Summaque
308 3952 441 4007 biverticis
454 3950 490 4026 (v.
506 3952 564 4006 628
583 3950 667 4027 sqq.).
684 3951 808 4007 Imitatio
821 3949 971 4008 Homerica
988 3967 1024 4004 ex
1036 3947 1117 4003 initio

88 4044 198 4097 iliadis.
