2812 5258
179 461 232 498 iro
510 440 540 492 Ρ.
561 437 682 493 PUBLII
702 436 822 493 srn‘rn
1082 434 1116 495 (a.
1130 436 1201 498 ιιι.)

274 562 327 634 Nil
343 565 451 631 obstat
466 560 613 653 cupidis,
632 557 714 627 nihil
729 572 886 628 moratur.

271 682 333 750 Sed
348 705 445 773 quarn
461 678 525 747 line
542 681 603 747 viae
618 679 758 746 recentia
776 679 858 761 imo,

271 802 348 887 Qua
364 811 523 867 monstrat
538 810 663 879 veterae
679 794 799 889 Apollo
815 798 954 879 Cumas,

274 917 388 988 Albam
404 916 569 1000 crinibus,
588 912 765 1006 infulisque
779 910 902 982 cerno?

274 1037 352 1105 Visu
369 1032 532 1103 fallimur?
547 1058 589 1101 an
605 1033 704 1101 saorla
719 1032 760 1100 ab
775 1033 879 1100 antris

273 1154 400 1223 Profert
415 1151 618 1222 Chalcidicas
631 1150 754 1244 Sibylla
774 1150 907 1220 laurus?

275 1271 457 1358 Cedamus;
474 1270 584 1363 chely,
597 1272 666 1364 jam
683 1294 806 1363 repone
820 1283 955 1353 cantua;
999 1316 1006 1331 ·

276 1393 375 1459 Vates
388 1390 529 1458 sanctior
544 1390 674 1482 incipit;
689 1388 864 1457 tacendum
875 1401 952 1456 est.-

276 1506 344 1577 Enl
366 1523 400 1577 et
413 1507 497 1577 colla
512 1521 619 1593 rotat,
637 1510 794 1601 novisque
809 1508 874 1576 late

277 1626 458 1694 Bacchatur
476 1629 607 1719 spatiis,
624 1627 776 1719 viamque
792 1625 907 1720 replet

278 1746 371 1811 Tune
383 1745 429 1812 sic
444 1745 591 1837 virgineo
607 1743 755 1837 profatur
771 1770 850 1813 ore:

330 1889 347 1923 a
358 1862 534 1948 Dicebam,
554 1864 663 1931 veniet
681 1862 833 1957 (manete
851 1866 957 1957 campi

278 1983 384 2074 Atque
398 1981 536 2074 amnis),
553 1983 681 2066 veniet,
701 1981 829 2050 favente
844 1981 945 2068 coelo,

281 2100 351 2188 Qui
365 2099 486 2169 foedum
502 2124 618 2169 nemus
633 2113 665 2167 et
679 2113 791 2192 putrer
805 2124 919 2168 arenae

281 2218 382 2289 celsis
401 2220 574 2313 pontibus,
591 2235 625 2289 et
642 2220 694 2287 via
709 2217 837 2288 levabit

192 2345 197 2354 ’
282 2335 351 2407 Enl
366 2339 419 2407 hic
433 2353 483 2407 est
498 2342 608 2423 Deus;
622 2340 711 2407 hunc
722 2338 817 2430 jubet
831 2338 935 2406 beatis

281 2458 346 2524 Pro
364 2479 397 2522 se
410 2457 561 2548 luppiter
577 2458 738 2548 imperare
754 2458 874 2525 terris:

185 2602 188 2606 ⁴
281 2574 359 2662 Quo
374 2597 440 2640 non
453 2572 584 2666 dignior
596 2575 655 2642 has
668 2575 757 2644 subit
774 2574 917 2643 habenas

280 2697 329 2761 Ex
345 2716 429 2784 quo,
446 2716 499 2760 me
514 2691 615 2778 duce,
633 2694 783 2786 praescios
799 2695 922 2764 Averni

283 2813 398 2879 AEneas
412 2811 507 2879 avide
520 2812 631 2880 futura
645 2836 793 2905 quaerens

284 2932 391 2996 Lucos
407 2942 441 2996 et
457 2932 658 3022 penetravit,
679 2946 712 3001 et
728 2931 870 3026 reliquit.
901 2966 906 2975 ·

283 3046 346 3116 Hic
360 3047 431 3140 paci
446 3047 573 3131 bonus,
591 3049 645 3117 hic
662 3051 826 3120 timendus
840 3052 958 3138 armis,

287 3168 415 3235 Natura
430 3164 563 3252 melior,
578 3169 808 3263 potentiorque
825 3197 833 3238 :

284 3285 348 3352 Hic
364 3285 390 3351 ni
410 3284 619 3354 flammiferos
637 3300 761 3356 teneret
777 3313 871 3375 axes,

286 3402 421 3494 Largis,
440 3403 554 3489 India,
571 3403 713 3473 nrrbibus
727 3405 892 3492 moderes,

285 3519 436 3590 Undaret
451 3522 573 3615 Libye,
591 3536 715 3616 teperet
729 3525 851 3592 AEmua.

333 3668 350 3702 a
364 3638 478 3728 Salve,
495 3641 562 3710 dux
578 3644 769 3730 hominum,
790 3656 823 3710 et
838 3667 956 3736 parens
975 3647 1144 3730 Deorum,

287 3762 463 3828 Praevisum
480 3761 583 3846 mihi,
600 3763 834 3856 cognitumque
848 3787 980 3831 numen.

287 3881 358 3949 Nec
371 3880 439 3970 jarn
454 3881 605 3974 putribus
619 3879 751 3949 evolutu
765 3881 885 3952 chartis
1016 3944 1018 3948 ,

289 3996 432 4066 Solemni
446 4020 541 4090 prece
556 3997 756 4084 Quindecim
772 4002 918 4070 virorum
