2812 5258
232 468 236 478 '
344 500 399 554 ιιι,
651 485 859 540 runamios
878 483 990 539 aman
1008 484 1045 539 n.
1252 478 1371 541 (αφ.)

343 609 471 679 Involvi
491 610 642 703 prolapsa
662 634 720 677 sua
740 634 749 674 :
771 624 880 676 manet
901 605 954 675 ille
970 605 1114 673 cruentis

344 736 511 822 Angustus
531 728 619 810 telis,
638 743 671 796 et
690 724 948 821 inexpugnabilis
968 726 1086 793 obstat.

392 851 467 917 Non
482 847 589 932 aliter,
606 849 728 915 Getieae
744 849 771 914 si
787 846 835 914 sas
851 860 900 913 est
915 843 1048 912 credere
1064 840 1228 933 Phlegrae,

347 972 516 1036 Armatum
535 967 712 1032 immensus
729 966 880 1032 Briareus
896 964 987 1030 stetit
1003 961 1123 1029 aethera
1137 970 1271 1041 contra,

346 1086 431 1152 llinc
445 1083 557 1151 Phoebi
574 1083 760 1175 pharetras,
777 1082 854 1149 hinc
869 1095 969 1148 torvae
983 1077 1124 1147 Palladis
1139 1099 1282 1168 angues,

347 1202 428 1270 Inde
446 1201 684 1269 Pelethroniam
704 1200 835 1292 praelixa
854 1198 989 1293 cuspide
1006 1199 1121 1290 pinum

347 1323 478 1405 Martis,
497 1336 531 1387 at
547 1321 623 1388 hinc
642 1319 727 1388 lasso
746 1333 872 1387 mutata
887 1322 1087 1411 Pyracmone
1105 1329 1258 1383 temnens

349 1438 512 1522 Fulmina,
531 1463 632 1530 quum
652 1452 722 1507 toto
740 1440 956 1530 nequicquam
970 1435 1120 1504 obsessus
1135 1431 1283 1527 Olympo

349 1560 412 1625 Tot
426 1557 574 1647 queritur
590 1580 713 1623 cessare
730 1580 846 1624 manus
863 1579 871 1621 ε
890 1579 957 1622 non
972 1553 1104 1647 segnius
1116 1550 1211 1620 ardet

349 1679 422 1744 Huc
440 1671 518 1740 illuc
536 1670 685 1766 clypeum
702 1674 882 1765 objectans,
901 1695 1001 1764 seque
1020 1671 1089 1764 ipse
1107 1668 1266 1740 recedens

350 1791 490 1875 Circuit3
507 1789 673 1858 interdum
692 1790 826 1883 trepidis
843 1790 999 1876 occurrit,
1017 1803 1051 1857 et
1067 1789 1166 1856 instat

351 1907 483 2003 Spicula
501 1907 670 1996 divellens,
690 1906 804 2002 clypeo
824 1933 895 2001 quae
914 1907 1055 2003 plurima
1073 1922 1145 1977 toto

350 2031 431 2097 Fixa
447 2041 605 2115 tremunt,
622 2041 815 2121 armantque
832 2029 957 2112 virum,
978 2050 1061 2119 sepe
1079 2050 1197 2119 aspera
1215 2050 1348 2121 passam

352 2145 513 2232 Vulnera,
532 2147 589 2215 sed
607 2145 735 2215 nullum
753 2148 827 2214 vitae
846 2149 879 2213 in
898 2160 1020 2214 secreta
1039 2160 1229 2238 receptum,

353 2266 422 2333 Nec
440 2279 577 2332 mortem
595 2290 724 2359 sperare
740 2264 826 2333 valet
845 2291 853 2332 ε
871 2279 959 2333 rotat
977 2267 1046 2357 ipse
1063 2264 1230 2333 furentem

352 2380 563 2464 Deilochum,
580 2386 796 2476 comitemque
814 2383 861 2451 illi
879 2385 973 2475 jubet
989 2386 1038 2451 ire
1053 2384 1114 2452 sub
1133 2382 1269 2452 umbras

352 2499 497 2594 Phegea,
515 2499 641 2569 sublata
658 2503 861 2569 minitantem
880 2501 966 2570 bella
986 2504 1106 2589 securi,

354 2620 581 2711 Dircaeumque
598 2621 709 2711 Gyan,
728 2634 760 2687 et
779 2618 973 2687 Echionium
993 2620 1253 2713 Lycophontem.

354 2741 426 2804 Jam
446 2736 564 2830 trepidi
583 2762 651 2806 sese
669 2752 836 2829 quarunt,
854 2753 1107 2831 numerantque3
1127 2762 1187 2807 nec
1207 2738 1297 2808 idem

355 2853 460 2922 Cedis
476 2879 584 2942 amor,
603 2869 792 2947 tantamque
811 2854 922 2924 dolent
942 2881 1102 2925 rarescere
1121 2856 1264 2927 turbam.

401 2974 485 3039 Ecce
504 2972 653 3042 Chromis
672 2974 759 3067 Tyrii
778 2974 934 3043 demissus
954 2975 1077 3068 origine
1096 2974 1232 3063 Cadmi,

355 3090 370 3184 (
379 3093 474 3158 Hunc
495 3105 588 3159 utero
608 3092 772 3184 quondam
792 3097 925 3186 Dryope
945 3092 1109 3161 Phoenissa
1129 3108 1268 3186 gravato

356 3209 462 3300 Rapta
480 3224 613 3302 repente
630 3209 752 3296 choris,
772 3214 942 3303 onerisque
963 3209 1077 3295 oblita,
1097 3210 1248 3280 serebat:

356 3326 510 3415 Dumque
526 3328 626 3395 trahit
642 3329 767 3419 prensis
782 3344 914 3397 taurum
931 3329 989 3395 tibi
1007 3329 1175 3417 cornibus,
1192 3332 1308 3419 Euan,

356 3440 500 3508 Procidit
516 3443 673 3535 impulsus
692 3447 798 3513 nimiis
816 3446 985 3514 conatibus
1000 3446 1105 3515 infans
1123 3444 1160 3539 z)

357 3560 449 3625 Tunc
466 3559 571 3625 audax
585 3558 715 3650 jaculis,
733 3577 765 3629 et
782 3563 867 3654 eapti
887 3560 969 3653 pelle
988 3562 1103 3651 leonis,

357 3677 455 3742 Pinea
474 3675 596 3744 nodosa
613 3680 785 3769 quassabat
803 3680 921 3748 robora
940 3679 1048 3768 clava,

357 3794 556 3886 Increpitans
572 3820 579 3862 :
598 3796 772 3882 «Unusne,
792 3798 870 3885 viri,
890 3813 939 3867 tot
958 3799 1098 3871 caedibus
1118 3826 1207 3871 unus

357 3910 421 3978 Ibit
438 3935 537 3980 ovans
554 3913 676 4006 Argos?
691 3915 743 3981 vix
760 3915 870 3984 credet
884 3917 971 3986 sama
990 3943 1128 3987 reverso.

358 4032 430 4097 Heu
448 4028 539 4099 socii!
559 4031 697 4102 nullaene
716 4058 848 4123 manus,
866 4034 956 4105 nulla
973 4060 1061 4105 arma
1078 4035 1258 4109 valebunt?
