2812 5258
319 470 357 522 IN
377 471 406 523 P.
427 470 456 521 P.
480 469 602 522 STATll
622 469 713 524 SILV.
735 471 803 523 LlB.
827 471 861 523 11.
1046 470 1098 525 261

78 582 135 636 sive
149 593 282 655 aptentur
294 594 322 638 et
335 584 455 657 cingant.
469 585 544 639 Bene
558 582 715 655 explicatur
728 586 807 639 locus
827 583 981 640 imitatione
994 583 1104 641 Sidonii

79 673 259 746 Apollinaris,
274 693 359 748 quam
373 675 473 730 Markl.
489 684 646 747 comparat,
661 676 755 747 Epist.
770 693 841 743 vrri,
860 694 890 729 ιι
909 693 915 727 :

235 850 343 914 Sparsum
355 848 443 914 stringe
452 864 543 898 comam
556 847 648 897 virente
659 848 729 907 villu

235 935 264 981 Et
277 948 345 997 rugas
356 933 402 982 tibi
411 931 517 998 spitualis
528 930 639 998 profundi

242 1015 383 1080 Succingant
390 1015 466 1065 mere
477 1014 640 1081 expeditiores.

120 1205 279 1260 Gallionem
293 1203 329 1278 (r.
345 1201 402 1278 32).
418 1203 475 1273 Qui
489 1213 607 1277 patruus
620 1215 681 1259 erat
693 1205 799 1260 Lucani
813 1216 841 1260 et
854 1206 964 1262 Seneca
976 1206 1070 1263 frater.

120 1298 159 1350 Et
165 1297 260 1352 doctos
273 1297 376 1370 equites
385 1295 421 1370 (r.
434 1293 494 1370 46).
504 1293 590 1365 Quod
604 1312 701 1349 verum
715 1314 772 1350 esse
785 1297 830 1352 rel
839 1297 994 1353 Arbuscula
1008 1299 1103 1355 liora-

80 1389 155 1442 tiana
165 1387 301 1456 ostendit,
315 1387 403 1443 «satis
416 1396 457 1442 est
465 1387 587 1460 equitem
596 1386 664 1441 mihi
676 1387 838 1460 plaudere.»
847 1394 998 1463 angulatur
1004 1389 1105 1444 Mark-

79 1479 153 1534 land.
175 1490 202 1534 et
222 1480 331 1536 «celsos
351 1479 480 1554 equites»
499 1477 628 1549 reponit,
646 1496 703 1551 qua
721 1478 749 1532 in
768 1497 799 1534 re
813 1478 894 1533 etiam
908 1478 1105 1536 Ruhnkenium

81 1571 272 1626 assentientem
287 1572 384 1641 babet,
398 1571 439 1626 ad
457 1571 569 1644 Gregor.
586 1568 721 1635 Corinth,
736 1587 764 1642 p.
781 1569 847 1638 307,
861 1569 905 1624 ed.
919 1569 1014 1626 sehet.

116 1664 248 1736 Ingratus
262 1662 338 1716 Nem
351 1661 389 1736 (v.
405 1660 441 1716 58
456 1660 519 1734 sq).
533 1665 641 1716 Auctor
653 1660 716 1714 vitae
729 1660 836 1715 Lucani
851 1680 857 1713 :
873 1661 988 1716 «Prima
1001 1661 1106 1736 ingenii

78 1751 267 1826 experimenta
282 1753 311 1806 in
324 1752 456 1809 laudibus
469 1753 590 1808 Neronis
603 1751 682 1807 dedit
696 1751 901 1825 quinquennali
916 1752 1075 1808 certamine.
1090 1776 1105 1802 s

79 1848 117 1899 At
129 1844 175 1899 bic
194 1868 206 1893 a
222 1861 403 1915 nequaquam
416 1842 442 1897 ei
462 1843 550 1898 vicem
567 1843 707 1910 reddidit,
721 1843 895 1898 laudatorem
913 1862 993 1898 suum
1013 1843 1106 1916 primo

79 1936 241 2003 aemulatus,
263 1952 331 1987 mox
354 1933 522 2007 refrigerans
540 1934 777 2007 deprimensque‚
796 1934 919 2007 denique
940 1933 1106 1990 occidens.»

81 2028 232 2094 Gronov„
245 2043 272 2098 p.
293 2023 355 2079 183.
364 2027 459 2094 Quare
468 2025 821 2098 saguntus-Proferam,
837 2025 1022 2080 exhibebitur.
1037 2026 1107 2082 «Ti-

80 2118 155 2171 tulus
168 2116 253 2188 hujus
265 2115 411 2189 poematii,
426 2116 455 2170 in
469 2136 528 2190 quo
543 2116 578 2171 de
592 2117 722 2190 Orpheos
736 2116 869 2172 descensu
883 2117 920 2172 ad
933 2117 1038 2173 inferos
1047 2112 1107 2192 ‘egit

79 2210 222 2278 Lucanus,
236 2208 305 2276 fuit,
320 2208 420 2278 credo,
430 2219 608 2284 Καταχοόνιος,
622 2209 833 2275 Summanus,
854 2227 904 2264 seu
914 2209 1040 2281 Orpheus
1055 2211 1106 2265 ca-

79 2300 255 2355 tachtltouius
272 2320 282 2353 .·
299 2301 354 2355 boc
367 2300 435 2354 mibi
454 2301 588 2376 suggessit
601 2300 744 2370 Lutatius,
758 2300 808 2373 qui
829 2300 866 2356 ad
889 2300 1020 2354 Thebaril.
1028 2339 1038 2366 ,
1058 2319 1106 2368 rx,

81 2400 150 2460 lul,
164 2392 237 2446 duos
254 2410 350 2446 versus
370 2391 437 2446 citat
455 2411 490 2447 ex
510 2393 617 2447 Lucani
633 2393 789 2466 Catagonio
801 2382 852 2459 (sic
872 2390 990 2447 totidem
1008 2391 1106 2447 litteris

78 2483 180 2558 legitur
199 2483 281 2538 etiam
301 2482 330 2537 in
351 2483 414 2538 cod.
429 2485 522 2557 Regiae
535 2485 724 2553 bibliothece,
737 2502 779 2537 nr.
795 2481 896 2559 8063),
910 2501 995 2556 quam
1008 2502 1105 2540 vocem

79 2575 231 2649 intelligere
249 2576 382 2630 hactenus
395 2594 453 2629 non
466 2577 616 2631 valuerunt
628 2575 681 2630 riri
696 2573 815 2642 eruditi;
829 2573 879 2628 sed
892 2574 915 2628 si
927 2576 1002 2647 legas
1016 2574 1104 2628 eau-

79 2666 208 2721 chelonio
216 2678 244 2722 et
251 2667 287 2722 de
299 2666 410 2740 Orpheo
417 2668 496 2738 apud
506 2666 616 2736 Inferos
623 2666 757 2739 accipias,
772 2676 915 2720 evanescet
930 2664 1084 2718 obscuritas
1098 2685 1104 2718 :

79 2757 130 2813 nisi
143 2759 222 2814 malis
237 2759 353 2813 &sonu
361 2796 370 2824 ,
385 2757 485 2812 eodem
499 2775 593 2827 sensu,
608 2757 644 2813 de
664 2774 723 2830 quo
741 2754 889 2810 adeundos
902 2755 1051 2811 Salmasius
1067 2756 1103 2810 ad

79 2849 233 2921 spartian,
247 2851 332 2914 Δάν,
347 2866 375 2921 p.
393 2867 444 2917 ¹7¹
452 2869 461 2917 ;
474 2859 502 2902 et
515 2850 570 2903 hoc
583 2849 658 2904 sorte
670 2847 780 2915 verius3
792 2845 857 2900 vide
871 2845 948 2915 Cro,
962 2846 1052 2919 Epist.
1065 2848 1107 2900 ad

81 2940 159 2992 Fam.
165 2980 175 3006 ,
204 2958 262 3010 ιιι,
283 2938 329 2994 25.
346 2962 358 2988 ι
376 2942 491 2993 Mensa.
511 2941 639 2994 Certiora
658 2938 775 2992 sortasse
792 2935 878 2991 babes
895 2936 925 2990 in
945 2954 1020 2992 nora
1037 2936 1103 2992 edit

80 3029 201 3100 Lucani,
214 3049 299 3105 quam
312 3030 342 3085 in
355 3030 408 3085 bac
422 3030 494 3084 urbe
507 3029 603 3084 videre
616 3047 675 3084 ιιοιι
688 3027 841 3100 potuimus.

121 3122 252 3178 Forma...
266 3125 367 3180 &core
380 3119 417 3198 (v.
432 3119 469 3176 85
483 3118 545 3196 sq).
560 3122 621 3176 Hos
633 3139 728 3176 versus
741 3118 841 3173 Markl.
855 3117 955 3174 merito
967 3137 1022 3192 pro
1035 3137 1105 3193 spu·
1153 3155 1157 3164 -

80 3211 127 3266 riis
139 3213 230 3269 babet.

122 3305 206 3358 Festa
221 3301 258 3379 (v.
273 3303 331 3378 90).
345 3306 415 3362 Cod.
430 3305 550 3380 Rhedig.
566 3326 572 3360 :
588 3329 600 3355 α
614 3306 679 3363 iata.
695 3328 708 3355 s

121 3409 167 3464 Sic
180 3420 245 3463 ettu
257 3405 359 3481 (mttdt
370 3411 451 3482 nesus
467 3414 599 3486 tyranni!
607 3410 617 3489 )
631 3415 729 3467 Iussus
744 3410 782 3487 (v.
800 3407 875 3487 roo).
889 3407 1054 3466 Wakefield.
1068 3410 1104 3464 ad

80 3502 206 3571 Lucret,
219 3518 259 3569 ιι,
273 3517 346 3573 799,
359 3503 467 3578 scripsit
481 3526 488 3560 ε
503 3529 515 3556 ι
528 3507 556 3562 S.
571 3516 600 3561 et
612 3517 643 3561 tu
656 3505 756 3562 rabido
770 3499 883 3579 (uelut)
896 3512 1017 3576 tyranno
1036 3504 1103 3557 Jus-

80 3611 138 3662 ffl,
152 3602 204 3646 Cic.
214 3618 226 3642 s

126 3685 226 3737 Terras
244 3683 364 3755 despuis
380 3696 410 3740 et
420 3692 549 3762 sepulcra
567 3690 643 3744 rides
658 3687 699 3766 (v.
717 3684 793 3764 tro).
812 3684 945 3742 «Alludit
963 3683 999 3740 ad
1017 3682 1104 3757 ipsius

80 3774 187 3828 lucani
199 3774 303 3843 verba,
316 3774 397 3831 initio
416 3778 481 3834 libri
494 3799 538 3850 rx,
551 3782 588 3839 de
600 3781 745 3854 Pompeio.
762 3803 774 3828 υ
788 3781 906 3833 Menan.
924 3777 993 3849 Sqq.
1007 3793 1105 3830 tersus

80 3864 152 3920 bene
166 3866 286 3938 explicat
299 3868 439 3938 Gronov„
451 3888 480 3940 p.
497 3888 551 3943 ¹¹9
561 3892 623 3947 sqq.
638 3893 644 3926 :
659 3898 672 3922 a
681 3873 738 3927 Seu
746 3882 824 3926 tenes
836 3870 950 3923 beatum
963 3867 993 3921 in
1006 3865 1105 3940 Elysiis

79 3956 184 4029 campis
197 3967 225 4011 et
238 3957 309 4012 bene
323 3960 447 4013 metium
455 3957 465 4033 l
471 3959 509 4014 ita
522 3962 595 4016 enim
608 3963 689 4039 legit,
704 3962 755 4017 etsi
767 3963 886 4017 alterum
893 3978 972 4032 teque
986 3956 1103 4017 rectum]

79 4066 178 4104 nemus
191 4048 309 4124 quietis,
323 4068 407 4124 quam
421 4059 452 4105 tu
465 4048 582 4108 inducto
596 4064 624 4108 et
636 4052 753 4109 reducto
767 4052 884 4125 Orpbeo
898 4047 1043 4106 reclusisti-
1058 4072 1071 4096 ι
