2812 5258
91 465 203 531 (ως.)
395 467 607 524 ΤΗΕΒΛΙΒΟδ
628 468 737 522 LIBER
757 467 820 521 ΧΗ.
1068 467 1123 533 2115

91 591 270 678 Conditus,
288 605 320 658 et
339 590 454 659 flentes
473 607 561 659 stant
578 593 703 660 circum
720 590 858 658 flumina
877 590 974 658 silvae.

139 714 186 779 Ut
205 710 310 779 sanies
328 727 468 806 purgata
485 710 589 797 vado,
609 711 835 804 membrisque
854 734 1004 779 reversus

89 831 209 898 Mortis
228 831 352 918 honos,
374 832 482 925 ignem
502 832 626 899 miseroe
644 845 720 924 post
739 828 857 899 ultime
874 844 1028 924 quaerunt

90 948 239 1019 Oscula:
258 950 314 1020 sed
335 950 449 1046 gelidae
469 953 593 1021 circum
612 953 842 1044 exanimesque
859 948 977 1019 favillae

89 1070 246 1139 Putribus
263 1073 297 1140 in
314 1071 435 1156 foveis,
450 1086 550 1164 atque
570 1071 683 1138 omnia
703 1070 799 1138 busta
815 1072 999 1163 quiescunt.

90 1191 204 1260 Stabat
224 1191 334 1261 adhuc
354 1216 413 1261 seu
431 1193 517 1260 sorte
537 1216 656 1286 rogus,
674 1215 733 1259 seu
754 1191 889 1258 numine
909 1192 1053 1277 Divum,

89 1311 152 1379 Cui
169 1327 295 1380 torrere
312 1310 426 1380 datum
445 1336 547 1380 saevos
563 1309 734 1380 Eteocleos
752 1325 860 1398 artus,

90 1431 167 1499 Sive
182 1428 292 1499 locum
311 1432 466 1500 monstris
485 1433 605 1501 iterum
616 1434 762 1500 Fortuna
773 1431 933 1526 parabat,

89 1553 155 1620 Seu
175 1551 375 1622 discessuros
394 1568 581 1622 servaverat
599 1554 755 1622 Eumenis
774 1554 877 1647 ignes.
922 1554 925 1561 “

90 1673 151 1740 Hic
169 1687 300 1741 tenuem
321 1674 424 1771 nigris
442 1673 624 1742 etiamnum
642 1673 796 1742 advivere
815 1671 920 1742 lucem

90 1791 279 1861 Roboribus
299 1795 422 1886 pariter
439 1792 567 1886 cupidae
584 1791 715 1877 videre,
731 1790 895 1886 simulque

90 1910 212 1980 Flebile
231 1915 348 2007 gavisae
367 1938 375 1979 :
395 1936 456 1980 nec
475 1910 601 1995 adhuc,
621 1935 694 2004 quae
711 1910 826 1995 busta,
844 1928 1028 2006 repertum,

89 2031 155 2099 Sed
174 2030 324 2125 placidus
344 2032 556 2124 quicunque,
578 2045 719 2125 rogant,
736 2032 890 2125 mitisque
908 2034 1052 2125 supremi

89 2151 253 2222 Admittat
272 2152 392 2220 cineris
409 2166 614 2238 consortem,
633 2165 665 2218 et
683 2151 816 2219 misceat
837 2151 981 2219 umbras.

137 2277 222 2342 Ecce
237 2274 361 2347 iterum
371 2272 487 2340 fratres
505 2298 512 2340 :
532 2273 656 2365 primos
673 2286 711 2339 ut
730 2270 869 2366 contigit
885 2286 977 2340 artus

89 2393 180 2487 Ignis
198 2390 299 2479 edax,
319 2406 484 2469 tremuere
504 2393 597 2486 rogi,
617 2406 650 2459 et
669 2416 774 2461 novus
794 2390 921 2460 advena
940 2390 1046 2461 bustis

89 2510 252 2580 Pellitur:
269 2510 441 2580 exundant
459 2510 565 2579 diviso
586 2515 709 2581 vertice
728 2512 888 2601 flammae,

90 2630 308 2726 Alternosque
324 2634 433 2724 apices
448 2631 591 2726 abrupta
606 2630 681 2700 luoe
697 2647 882 2701 coruscant.

91 2751 476 2823 PallidusEumenidum
497 2750 601 2820 veluti
619 2754 822 2822 commiserit
842 2756 934 2848 ignes
1020 2808 1026 2825 .

90 2876 215 2961 Orcus,
233 2887 372 2968 uterque
391 2873 503 2942 minax
522 2869 659 2968 globus,
679 2888 713 2941 et
728 2887 869 2942 conatur
886 2889 1025 2969 uterque

90 2995 264 3088 Longius:
283 2995 361 3086 ipsae
380 2994 479 3062 etiarn
499 3008 665 3062 commoto
684 2993 832 3088 pondere
852 2993 1000 3089 paullum

89 3115 258 3183 Secessere
277 3114 411 3182 trabes:
429 3096 613 3183 conclamat
631 3115 745 3182 territa
766 3113 884 3208 virgo:

90 3263 107 3298 α
121 3234 330 3321 Occidimus,
349 3232 545 3327 functasque
563 3258 663 3303 mauu
682 3232 925 3303 stimulavimus
943 3236 1018 3302 iras.

89 3358 203 3424 Frater
218 3369 311 3423 erat:
328 3355 403 3448 quis
419 3353 510 3422 enim
526 3378 674 3422 accessus
691 3353 779 3422 ferus
795 3354 936 3448 hospitis
949 3354 1076 3422 umbrae

88 3473 252 3544 Pelleretl
272 3502 313 3545 cn
334 3474 441 3570 clypei
462 3474 624 3571 fragmen,
642 3489 853 3568 semustaque
874 3500 986 3544 nosco.

89 3592 250 3687 Cingula,
269 3595 370 3667 frater
391 3611 486 3665 erat:
504 3595 669 3682 cernisne,
689 3610 727 3664 ut
742 3594 878 3676 flamma
893 3595 1043 3682 recedat,

90 3715 340 3809 Concurratque
358 3715 492 3785 tamen?
510 3717 629 3785 vivunt
643 3715 721 3784 odia
739 3716 907 3810 improba,
923 3717 1051 3785 vivunt.

91 3831 147 3902 Nil
166 3848 276 3903 actum
294 3833 407 3904 bello:
428 3837 560 3923 miseri,
579 3837 625 3904 sic
643 3835 723 3906 dum
742 3861 835 3905 arina
855 3838 1013 3923 movetis,

90 3955 180 4023 Vicit
197 3979 316 4048 nempe
331 3957 441 4024 Creon
457 3981 465 4022 :
486 3979 647 4048 nusquam
663 3957 731 4049 jam
750 3981 853 4049 regna
869 3980 877 4022 τ
893 3957 967 4048 quis
983 3955 1103 4023 ardor?

90 4077 152 4145 Cui
175 4075 307 4144 furitis?
327 4073 436 4144 sedate
453 4074 558 4143 minas
576 4101 583 4144 :
602 4091 705 4169 tuque
722 4073 813 4144 exsul
832 4073 976 4166 ubique,
