2812 5258
109 482 141 541 n.
153 484 220 545 ³⁵³.)
428 484 635 541 ruanamos
656 488 762 542 crasa
785 488 807 541 1.

109 607 288 676 Persolidat
306 612 423 675 Boreas
442 634 449 672 ε
470 632 598 676 necnon
616 610 754 703 abrupta
771 613 963 677 tremiscunt

109 726 267 818 Fulgura,
284 739 317 793 et
333 727 465 793 attritus
482 725 587 793 subita
605 725 674 794 face
690 729 856 821 rumpitur
873 725 983 794 aether.

108 848 180 911 Jam
196 847 338 929 Nemee,
353 845 421 935 jam
438 846 592 911 Taenariis
609 846 811 912 contermina
828 841 910 911 lucis

28 978 30 983 ’
110 962 256 1030 Arcadiae
272 962 379 1052 capita
396 957 463 1028 alta
480 961 623 1029 madent.
642 964 722 1031 Ruit
739 964 867 1056 agmine
879 961 965 1028 facto

109 1081 270 1164 Inachus,
288 1092 322 1146 ct
339 1076 459 1172 gelidas
478 1103 613 1171 surgens
630 1082 785 1148 Erasinus
804 1078 845 1147 ad
861 1082 986 1147 Arctos.

108 1197 342 1267 Pulveruleuta
362 1198 471 1291 prius,
489 1197 706 1291 calcandaque
722 1199 857 1267 flumina
875 1196 972 1267 nullae

108 1319 292 1412 Aggeribus
315 1332 448 1386 tenuere
465 1342 584 1403 morae,
601 1333 782 1412 stagnoque
798 1318 904 1386 refusa
923 1330 972 1384 est

109 1436 288 1524 Funditus,
309 1453 342 1506 et
361 1437 462 1505 veteri
480 1438 643 1529 spumavit
663 1441 770 1505 Lerna
786 1460 924 1506 veneno.

111 1558 285 1648 Frangitur
300 1579 397 1624 omne
416 1579 532 1624 nemus
549 1580 556 1621 :
573 1556 707 1648 rapiunt
727 1559 863 1649 antiqua
880 1553 1030 1648 procellae

111 1674 248 1743 Brachia
268 1673 443 1761 silvarum,
462 1671 625 1766 nullisque
645 1689 775 1768 aspecta
794 1699 853 1766 per
871 1697 975 1741 aevum

110 1792 240 1860 Solibus
257 1792 401 1858 umbrosi
422 1807 558 1883 patuere
577 1795 688 1861 aestiva
704 1795 820 1885 Lycaei.

111 1910 169 1977 llle
188 1925 296 1976 tamen
317 1907 415 1973 modo
434 1931 510 1975 saxa
524 1910 612 2001 jugis
632 1910 788 2003 fugientia
810 1912 914 2002 ruptis

111 2029 267 2110 Miratur,
288 2002 386 2092 modo
403 2025 582 2119 nubigenas
600 2052 617 2093 e
636 2028 802 2094 montibus
818 2051 928 2095 amnes

112 2149 199 2213 Aure
217 2169 357 2237 pavens,
375 2146 561 2237 passimque
582 2146 696 2221 insano
716 2146 845 2212 turbiue
864 2160 973 2238 raptas
1036 2155 1039 2161 '

111 2266 280 2331 Pastorum
297 2286 519 2355 pecorumque
539 2263 664 2332 domos.
684 2267 760 2333 Non
779 2265 909 2356 segnius
928 2285 1058 2346 amens,

109 2385 321 2472 Incertusque
336 2382 417 2466 viae,
439 2406 497 2474 per
515 2384 608 2476 nigra
626 2381 768 2468 silentia,
785 2397 914 2450 vastum

109 2500 229 2566 Haurit
244 2500 330 2567 iter:
350 2497 460 2594 pulsat
480 2515 586 2567 metus
606 2499 769 2593 undique,
789 2515 821 2567 et
843 2499 976 2592 indique
993 2498 1102 2566 frater.

109 2623 155 2687 dc
171 2617 262 2687 velut
279 2617 417 2686 hiberno
435 2619 614 2712 deprensus
635 2621 744 2687 navita
762 2632 882 2713 ponto,

109 2738 171 2806 Cui
190 2761 295 2828 neque
312 2750 400 2805 temo
414 2739 518 2830 piger,
534 2763 641 2831 neque
657 2740 763 2804 amico
778 2735 884 2803 sidere
898 2747 1058 2800 monstrat

109 2859 203 2923 Luna
221 2856 308 2941 vias,
325 2855 433 2924 medio
450 2856 538 2942 coeli,
558 2854 730 2949 pelagique
746 2850 890 2954 tumultu

108 2978 180 3041 Stat
198 2975 334 3042 rationis
353 2975 449 3066 inops
469 3000 476 3040 :
493 2975 693 3066 jamjamque
710 2987 766 3041 aut
785 2996 860 3039 saxa
881 2969 1032 3064 malignis

107 3095 280 3184 Exspectat
301 3091 469 3159 submersa
487 3088 594 3175 vadis,
614 3104 671 3158 aut
687 3090 808 3158 vertice
825 3103 924 3156 acuto

108 3213 301 3302 Spumantes
322 3209 473 3304 scopulos
492 3223 605 3276 erectae
621 3210 788 3276 incurrere
808 3232 921 3299 prorae.

154 3325 240 3394 Talis
259 3352 359 3422 opaca
378 3326 489 3421 legens
511 3351 682 3394 nemorum
701 3325 876 3394 Cadmeius
891 3326 1001 3411 heros,

109 3442 291 3531 Accelerat,
310 3461 402 3514 vasto
418 3444 593 3514 metuenda
610 3444 753 3513 umbone
770 3443 913 3512 ferarum

109 3563 284 3629 Excutiens
302 3562 445 3645 stabula,
463 3579 495 3632 et
515 3589 620 3657 prono
637 3563 779 3656 virgulta
795 3562 946 3656 refringit

108 3682 243 3746 Pectore
261 3705 268 3745 :
288 3679 342 3746 dat
358 3681 506 3750 stimulos
525 3684 636 3751 auimo
657 3683 705 3749 vis
720 3696 834 3750 moesta
849 3683 992 3763 timoris,

109 3799 223 3864 Donec
241 3796 281 3864 ab
300 3797 441 3865 Inachiis
459 3801 544 3869 victa
561 3800 700 3894 caligine
719 3803 810 3869 tectis

108 3915 249 3982 Emicuit
268 3913 375 3983 lucem
396 3915 517 3984 devexa
536 3920 569 3986 in
589 3921 708 3986 moenia
725 3918 862 3985 fundens

108 4035 284 4104 Larissoeus
299 4059 391 4127 apen.
411 4033 472 4103 lllo
490 4061 547 4129 spe
564 4040 713 4107 concitus
732 4041 821 4104 omui
