2812 5258
55 374 171 440 (affl.)
360 375 575 432 THEBAIDOS
597 374 705 429 LIBER
730 376 783 428 IX,
1042 373 1093 430 161

55 504 130 571 Hoc
148 500 237 572 ultor
256 503 430 594 Capaneus
447 503 554 595 operit
570 516 625 569 tua
647 501 792 568 membra
811 503 1004 593 sepulcro.»

30 653 34 661 ·
106 625 161 692 Sic
180 647 300 716 anceps
319 621 403 689 dura
423 621 501 690 belli
520 624 590 690 vice
609 635 726 689 mutua
745 623 855 690 Graiis

54 744 266 836 Sidoniisque
287 740 383 811 simul
404 743 556 813 nectebat
576 741 713 810 vulnera
731 744 877 810 Mavors.

52 867 117 934 Hic
141 863 230 933 ferus
248 862 496 959 Hippomedon,
521 862 588 932 illic
608 888 675 933 non
695 864 827 956 segnior
848 867 999 958 Hypseus

55 985 180 1072 Fletur,
198 1001 231 1054 et
247 984 365 1054 alterni
386 986 534 1079 praebent
550 985 667 1055 solatia
684 986 803 1056 luctus.

104 1108 270 1175 Tristibus
289 1110 417 1176 interea
436 1132 590 1175 somnum
611 1106 743 1177 turbata
760 1108 875 1202 liguris

56 1231 166 1298 Torva
187 1227 361 1322 sagittiferi
384 1241 489 1294 mater
505 1229 655 1321 Tegeatis
679 1230 817 1324 ephebi,

57 1350 158 1419 Crine
177 1349 256 1415 dato
272 1348 413 1441 passim,
432 1345 620 1439 plantisque
638 1373 678 1416 ex
694 1374 787 1417 more
804 1348 936 1436 solutis,

57 1475 147 1540 Ante
166 1471 254 1537 diem
274 1467 399 1563 gelidas
420 1467 488 1536 ibat
506 1467 651 1537 Ladonis
671 1469 713 1537 ad
732 1471 835 1540 undas

54 1596 242 1685 Purgatura
266 1588 389 1657 malum
409 1589 511 1657 lluvio
532 1592 664 1658 vivente
685 1616 848 1685 soporem.

57 1716 212 1805 Namque
230 1736 290 1804 per
309 1713 466 1781 attonitas
485 1736 642 1779 curarum
660 1712 807 1806 pondere
826 1729 941 1786 noctes

56 1838 150 1928 Saepe
169 1849 202 1900 et
218 1830 369 1928 delapsas
390 1830 518 1924 adytis,
541 1857 622 1924 quas
639 1834 712 1924 ipsa
730 1833 855 1901 dicarat

57 1956 224 2035 Exuvias,
241 1977 341 2044 seque
356 1952 479 2046 ignotis
496 1976 607 2020 errare
623 1952 782 2046 sepulcris

57 2079 233 2144 Extorrem
253 2073 420 2158 nemoris,
438 2070 679 2164 Dryadumque
696 2098 715 2139 a
733 2072 828 2165 plebe
844 2074 1007 2167 fugatam,

58 2200 152 2290 Saepe
169 2219 273 2262 novos
295 2194 362 2262 nati
382 2190 468 2261 bello
487 2191 622 2261 rediisse
643 2193 846 2287 triumphos,

59 2322 243 2408 Armaque,
263 2329 297 2381 et
313 2311 475 2406 alipedem
497 2327 629 2398 notum,
649 2316 851 2408 comitesque
870 2316 1021 2404 videbat,

61 2441 234 2529 Nusquam
254 2437 385 2528 ipsum:
406 2456 494 2500 nunc
512 2459 552 2501 ex
566 2433 711 2503 humeris
729 2434 863 2504 fluxisse
882 2438 1081 2531 pharetras,

60 2557 262 2651 Effigiesque
283 2579 375 2639 suas,
394 2553 635 2648 simulacraque
653 2571 732 2626 nota
750 2560 902 2626 cremari.

61 2679 247 2772 Praecipuos
268 2676 325 2744 sed
346 2677 434 2744 enim
456 2673 510 2741 illa
530 2690 636 2743 metus
655 2677 852 2769 portendere
868 2681 937 2746 visa

64 2799 135 2867 Nox
156 2800 299 2884 miserae,
319 2811 455 2888 totoque
476 2796 578 2862 erexit
595 2811 728 2887 pectore
746 2810 896 2864 matrem.

107 2920 197 2988 Nota
219 2942 280 3011 per
295 2915 454 2987 Arcadias
476 2913 562 2982 felici
582 2914 702 2982 robore
722 2913 820 2983 silvas

61 3042 213 3128 Quercus
233 3053 318 3122 erat,
335 3037 456 3104 Triviae
476 3059 576 3129 qnam
594 3034 820 3107 desacraverat
840 3039 910 3132 ipsa

63 3159 212 3230 Electum
231 3159 329 3226 turba
349 3181 540 3243 nemorum,
560 3180 749 3248 numenque
769 3152 909 3226 colendo

61 3285 225 3352 Fecerat:
244 3279 300 3346 bic
321 3301 436 3360 arcus,
456 3291 490 3344 et
508 3275 591 3346 sessa
610 3301 771 3369 reponere
792 3275 875 3365 tela,

62 3406 228 3493 Armaque
249 3423 350 3468 curva
366 3423 482 3482 suum,
505 3413 538 3465 et
559 3423 740 3467 vacuorum
762 3414 853 3492 terga
872 3397 1005 3468 leonum

64 3524 192 3614 Figere,
212 3536 245 3587 et
261 3523 413 3612 ingentes
433 3521 598 3612 aequantia
617 3545 744 3589 cornua
765 3519 873 3589 silvas.

66 3643 129 3709 Vix
150 3637 249 3704 ramis
268 3637 360 3707 locus
376 3665 383 3708 :
399 3655 544 3734 agrestes
563 3638 648 3708 adeo
670 3642 782 3708 omnia
801 3643 941 3736 cingunt

61 3759 219 3840 Exuviae,
240 3772 272 3824 et
290 3754 430 3826 viridem
447 3759 525 3827 ferri
543 3761 632 3827 nitor
653 3760 791 3855 impedit
809 3763 970 3831 umbram.

63 3886 175 3963 Hanc,
195 3895 232 3946 ut
250 3877 334 3947 forte
352 3881 438 3971 jugis
456 3878 557 3974 longo
576 3879 702 3949 defessa
723 3881 852 3949 redibat

63 4002 215 4085 Venatu,
234 3997 334 4067 modo
354 4013 450 4092 rapta
465 3997 556 4067 ferox
575 4001 833 4093 Erymanthidos
852 4026 936 4071 ursae

211 4148 245 4190 ll.
906 4145 943 4190 11
