2812 5258
327 451 366 506 ΙΝ
387 453 416 505 P.
439 451 467 504 P.
489 450 612 508 STATll
633 453 723 506 SlLV.
746 453 814 506 Llll.
837 453 888 507 lll.
1063 455 1119 530 269

93 586 151 623 esse
176 578 305 635 tonsum;
323 577 351 621 et
374 575 514 622 ostentans
533 566 600 636 tibi,
614 568 769 640 AEsculapi,
791 568 844 622 hos
864 568 955 624 crines
977 585 1043 624 snos
1058 570 1121 626 lor·

93 667 164 714 tasse
179 669 207 712 et
226 657 286 731 ipse
299 657 472 714 consecrabit
484 657 515 712 in
532 658 606 714 illius
623 659 854 714 emulationem.»
871 661 956 734 Seqq.
971 659 1007 717 de
1023 662 1120 738 Gany-

94 749 174 804 mede
192 749 334 803 dicunmr.

132 854 287 927 Sangarius
297 873 375 929 puer
386 851 425 930 (v.
446 851 503 930 41).
517 853 607 922 Auis,
621 872 637 909 u
651 855 792 930 Sangam,
806 855 932 931 Phrygia
945 853 1042 914 fluvio.

137 957 290 1030 Veterisque
309 970 430 1031 penates
444 958 569 1012 Evandri
599 955 636 1033 (v.
658 955 716 1034 47).
738 958 811 1014 Vide
828 959 865 1014 ad
885 979 912 1029 1,
934 979 964 1029 1,
983 961 1029 1028 34.
1055 963 1122 1018 Post

94 1048 155 1104 cod.
169 1047 288 1121 Rhedig.
304 1067 311 1101 :
326 1050 429 1102 «Pater
442 1048 562 1123 inclytus
575 1047 660 1103 orbis.
677 1072 688 1096 ι

133 1157 225 1211 Norat
243 1157 368 1210 coelestes
382 1157 477 1210 oculos
494 1155 573 1209 ducis
586 1150 624 1230 (v.
640 1135 834 1230 53).«1dest‚
852 1155 990 1227 judicium
1003 1167 1032 1212 et
1054 1167 1120 1236 &191-

95 1259 160 1320 βειαν
175 1246 330 1302 Domitiani
345 1247 441 1315 novit,
461 1256 488 1300 et
511 1264 595 1319 qnam
610 1247 721 1319 elegans
741 1246 895 1302 lomnarum
913 1258 1054 1320 spectator
1074 1249 1119 1305 ille

94 1348 164 1394 esset
178 1358 184 1392 :
199 1339 254 1393 hoe
267 1337 341 1393 enim
354 1340 415 1394 vult
426 1332 478 1411 per
492 1339 594 1391 ocutos.
609 1339 651 1391 lta
668 1338 784 1392 Hercule
797 1338 928 1413 Epitrap.
935 1378 945 1406 ,
959 1358 986 1393 1.
1002 1357 1038 1394 aa
1053 1358 1060 1393 ε

198 1557 205 1570 .
217 1559 224 1570 .
237 1557 244 1572 .
255 1557 262 1572 .
272 1520 332 1584 Quis
342 1536 446 1586 nemque
458 1519 530 1569 oculis
543 1518 668 1569 certaverit
680 1535 780 1585 usquam

198 1603 316 1664 Vindicis,
333 1603 450 1654 artificum
463 1612 553 1652 veteres
562 1618 701 1667 cognoscere
711 1602 821 1680 ductus?

942 1701 1060 1755 Mun..

135 1804 301 1877 Manesque
311 1821 409 1877 gmves
421 1800 458 1876 (1.
474 1800 533 1879 58).
552 1805 574 1856 1.
588 1822 612 1858 e.
627 1802 769 1876 graviores
785 1821 869 1876 quarn
883 1803 936 1857 alin
949 1821 1014 1858 vasa
1028 1814 1120 1877 etpo-

96 1894 166 1948 cnla.
183 1895 277 1963 Quare
298 1913 357 1949 non
376 1904 436 1948 erat
455 1893 628 1966 preferenda
648 1894 732 1949 lectio
755 1893 818 1949 cod.
835 1893 919 1949 Paris.
943 1904 971 1949 et
987 1894 1032 1950 ed.
1051 1913 1094 1968 pr.
1114 1914 1121 1950 ε

98 2001 284 2057 «murrasque
302 2002 406 2057 puer.»
427 1986 465 2039 At
484 2002 566 2039 versu
581 1983 682 2038 abhinc
696 1984 779 2039 tertio
796 1984 897 2039 Markl.
916 1984 1040 2056 speciose
1057 2003 1123 2040 con-

98 2075 171 2130 rcxit
190 2078 265 2130 clare
277 2093 363 2150 puer,
379 2076 416 2130 ob
430 2092 509 2149 seqq.

136 2180 267 2234 Pulchra
277 2178 410 2250 firscnret
426 2181 519 2254 gmtia
530 2180 639 2251 formoe
660 2177 697 2256 (1.
721 2179 758 2235 66
765 2177 783 2255 )
805 2179 869 2234 Hoc
882 2180 927 2234 vel
947 2178 976 2233 in
993 2180 1122 2255 vulgares

97 2272 278 2345 grammaticae
291 2273 366 2346 leges
381 2282 484 2345 peccat.
491 2272 632 2327 Domitius
640 2291 647 2326 :
653 2272 799 2344 fuscetur,
811 2271 890 2344 quod
903 2289 961 2326 non
973 2270 1122 2344 depravas-

97 2373 159 2418 sent
177 2362 297 2431 librarii3
315 2362 365 2418 sed
388 2363 531 2437 ingeniose
549 2373 577 2418 et
597 2363 656 2417 veri
670 2362 807 2418 simillime
820 2365 959 2430 Gronov.,
985 2381 1014 2435 p.
1035 2381 1092 2438 ²¹9
1114 2384 1121 2418 :

97 2478 109 2503 a
117 2455 222 2528 gaudia
235 2454 364 2523 sormam
384 2454 471 2527 magis
484 2454 567 2510 etiam
583 2452 777 2509 confirmatum
793 2454 923 2509 aMarkl.
937 2453 973 2509 ad
989 2455 1016 2510 h.
1030 2456 1048 2510 l.

136 2559 268 2614 Nondum
279 2559 400 2632 pulchro
413 2559 492 2613 ducis
505 2560 652 2612 clementia
667 2556 704 2634 (v.
720 2559 755 2628 73
776 2556 964 2634 sqq.).Postea
978 2559 1052 2613 enim
1065 2561 1123 2613 Do-

96 2651 226 2706 mitianus
236 2651 326 2724 legem
339 2649 418 2719 tulit,
432 2668 494 2722 qnae
508 2651 622 2705 castrari
635 2669 724 2705 mares
736 2650 896 2723 prohibuit,
909 2648 1123 2722 spadonumque

96 2741 201 2813 pretia,
215 2760 277 2815 que
290 2740 367 2813 apud
380 2758 531 2814 mangones
544 2751 637 2809 erant,
652 2740 795 2811 depressit.

137 2846 216 2900 Nunc
230 2858 330 2900 vertex
341 2846 416 2899 solus
425 2841 462 2920 (v.
481 2841 538 2918 81).
552 2844 614 2898 Hoc
627 2852 770 2914 receperat
782 2841 881 2896 Markl.
897 2841 1037 2897 eDomitii
1051 2861 1122 2898 con·

97 2935 225 3006 iectura:
238 2947 304 3011 post
321 2937 465 2991 inventum
483 2934 601 2989 totidem
618 2934 716 2988 litteris
730 2933 758 2987 in
773 2934 816 2987 ed.
836 2952 880 3006 pr.
895 2945 921 2988 et
941 2935 971 2989 in
990 2935 1053 2989 cod.
1068 2937 1123 2991 Pa-

99 3026 159 3094 ris,
172 3028 252 3099 cujus
269 3046 367 3102 margo
387 3028 494 3100 prebet
507 3027 591 3080 etiam
604 3028 699 3079 cirrus.
714 3026 881 3080 Glossatoris
895 3037 936 3081 est
954 3026 1038 3081 lectio
1058 3027 1122 3082 cod.

100 3117 217 3193 Rhedig.
232 3121 332 3174 :emitis
339 3160 349 3186 ,
364 3137 451 3193 quam
460 3119 613 3185 Weberus,
627 3117 709 3172 nimis
722 3117 828 3190 ubique
835 3116 875 3171 illi
891 3115 997 3187 fidens,
1007 3120 1121 3191 recepit.

138 3210 217 3264 Hunc
230 3229 299 3265 noea
312 3212 468 3284 tergemina
483 3209 627 3283 repetebat
642 3209 740 3263 Gratia
755 3209 858 3262 dextra
872 3205 909 3283 (v.
925 3205 982 3284 83).
1004 3232 1016 3258 «ι
1031 3211 1120 3282 Repe-

101 3299 177 3352 tebut
187 3308 228 3353 est
237 3318 306 3372 sepe
315 3302 445 3357 comebat
459 3322 466 3356 :
481 3301 567 3355 immo
581 3311 609 3354 et
623 3318 711 3372 quum
726 3317 784 3353 non
798 3309 936 3366 comeret,
951 3318 1022 3372 saepe
1036 3318 1120 3373 repe-

101 3389 176 3443 tebat
190 3387 265 3443 hnnc'
277 3391 380 3446 crinem
397 3404 425 3447 et
443 3395 519 3449 lenta
531 3410 617 3447 mann
632 3391 760 3446 ducebat.
777 3390 847 3445 ldeo
863 3391 946 3446 etiam
960 3395 1045 3458 nova,
1056 3393 1123 3466 qnia

100 3499 283 3553 quaecumque
308 3481 405 3539 dextra
435 3496 500 3559 post
520 3486 602 3540 aliam
625 3484 828 3540 admovebatur
849 3483 956 3556 capiti,
980 3503 1123 3556 sempera

99 3572 196 3644 priore
211 3572 341 3644 proxima
358 3591 431 3629 nova
444 3587 518 3645 erat,
534 3577 586 3633 alia
595 3619 602 3647 ,
611 3595 670 3632 non
679 3575 792 3645 eadem,
807 3594 894 3648 quum
908 3576 1011 3647 triplex
1028 3575 1123 3630 Gratia

101 3662 163 3716 sit...
183 3663 294 3734 quoties
310 3662 384 3716 enim
405 3668 563 3737 repetebat,
581 3687 651 3723 noca
671 3677 743 3736 erat,
768 3685 830 3739 quae
850 3665 981 3739 proximo
999 3666 1123 3720 alterove

102 3752 202 3806 ordine
216 3753 321 3806 crinem
335 3752 497 3808 deduxerat
507 3760 619 3813 senon.
629 3799 636 3827 ‚
645 3777 674 3830 p.
686 3776 799 3812 nao—
815 3757 917 3811 Saucia
927 3773 1007 3810 coma
1021 3755 1124 3810 dieitur

101 3843 176 3911 Nisi,
191 3843 258 3917 quia
271 3853 368 3915 postea
381 3846 542 3900 vulneratus
559 3858 587 3903 et
606 3849 762 3904 trucidatus
776 3857 824 3903 est.
845 3845 999 3924 (prosim,
1019 3867 1046 3915 1,
1066 3842 1123 3919 ¹9·)

103 3932 144 3987 Cf.
163 3936 279 3988 Minus.

145 4037 307 4092 toreama
317 4056 387 4094 euro
398 4036 436 4114 (1.
453 4040 511 4114 94)
528 4041 616 4096 lente
629 4040 729 4096 blarlil.
745 4059 752 4094 ε
770 4039 894 4094 «orben
