2812 5258
233 425 291 483 280
534 424 784 481 acmnttttnos
805 423 918 478 LIBER
938 424 960 476 l.
1148 422 1185 484 (r.
1197 425 1273 485 (ιιι.)

231 552 358 619 Delluit
379 553 412 618 in
432 564 554 633 terras,
573 561 767 639 mutumque
786 544 996 638 amplectitur
1016 544 1142 613 orbem.

232 669 422 741 Consedere
438 667 548 754 chori,
567 664 784 760 paullumque
802 666 946 733 exercita
966 662 1065 758 pulsu

233 794 312 860 AEra
327 803 464 858 tacent:
485 800 598 854 tenero
616 808 719 877 quum
739 782 828 853 solus
847 785 890 853 ab
907 787 1039 879 agmine
1054 783 1202 855 Achilles
1233 802 1236 808 '

232 914 309 979 llaec
325 930 436 976 seeum
452 931 461 973 ε
479 906 669 993 «Quonam
686 902 809 972 timidae
825 918 1013 973 commenta
1032 906 1179 997 pareatis

232 1030 345 1119 Usque
364 1023 472 1094 feres?
490 1026 701 1119 primumque
717 1021 841 1091 imbelli
856 1046 986 1092 carcere
1007 1022 1123 1116 perdes

230 1144 362 1215 Florem
377 1143 503 1214 animi?
519 1168 587 1213 non
604 1142 669 1212 tela
685 1141 761 1211 lieet
775 1144 941 1211 Mavortia
957 1142 1089 1230 dextm,

231 1269 307 1335 Non
329 1264 475 1359 trepidas
493 1265 617 1358 agitare
633 1261 742 1331 feras?
759 1262 817 1330 ubi
836 1286 972 1355 campus
989 1276 1022 1330 et
1040 1285 1153 1330 amnes

231 1384 416 1454 Hmmonii?
436 1385 597 1477 quaerisne
615 1407 726 1469 meos,
743 1382 915 1474 Sperchio,
932 1396 1079 1470 natatus,

230 1505 480 1597 Promissasque
496 1501 630 1573 eomas?
645 1526 689 1568 an
709 1500 884 1570 desertoris
900 1499 1026 1570 alumni

231 1620 353 1692 Nullus
367 1623 473 1691 honos
485 1618 499 1687 i
512 1621 707 1714 Stygiasque
721 1620 837 1712 procul
851 1624 920 1715 jam
937 1637 1054 1715 raptus
1069 1623 1112 1691 ad
1128 1618 1269 1695 umhras

231 1741 356 1812 Dicor?
374 1755 406 1809 et
423 1741 560 1809 orbatus
577 1736 707 1834 plangit
727 1766 799 1810 mea
818 1740 934 1811 lunera
955 1743 1105 1812 Chiron?

230 1864 281 1929 Tu
302 1885 392 1929 nune
411 1859 475 1930 tela
492 1885 614 1951 manu,
634 1876 763 1930 nostros
782 1877 818 1931 tu
836 1861 951 1957 dirigis
970 1887 1084 1951 arcus,

182 1962 193 1991 τ’
231 1981 449 2074 Nutritosque
465 1982 546 2050 mihi
566 1982 712 2070 scandis,
726 1981 895 2070 Patrocle,
909 1983 1037 2079 jugales
1054 2011 1062 2052 ε

229 2104 290 2169 Ast
307 2125 370 2195 ogo
385 2102 569 2194 pampineis
590 2101 776 2171 diffundere
795 2102 932 2172 brachia
949 2104 1089 2197 thyrsis,

230 2223 273 2288 Et
289 2235 425 2289 tenuare
440 2219 550 2309 colos,
567 2221 672 2315 pudet
687 2221 772 2305 heu,
788 2223 948 2317 taedetque
965 2221 1076 2295 lateri!

229 2343 302 2408 lam
321 2341 389 2408 seio
411 2365 421 2407 s
440 2342 521 2433 quin
540 2341 640 2408 etiam
660 2339 788 2409 dilecte
806 2344 943 2434 virginis
959 2345 1087 2435 ignem,

136 2460 141 2467 '
230 2461 485 2552 AEquaevamque
503 2458 624 2546 frosm,
643 2472 780 2551 eaptus,
799 2473 978 2550 noctesque
998 2458 1131 2551 diesque
1233 2524 1244 2545 Ι,

230 2575 448 2647 Dissimulas?
464 2600 609 2670 quonam
628 2601 735 2671 usque
753 2602 880 2671 premes
900 2578 1029 2647 urentia
1047 2591 1163 2670 pectus

229 2695 853 2793 Vulneraitequemaremffludetheu!
865 2722 925 2767 nec
932 2722 1043 2766 amore
1054 2697 1264 2791 probabisls

276 2819 331 2887 Sic
351 2820 410 2903 ait,
429 2833 463 2886 et
483 2816 584 2886 densa
600 2820 708 2888 noctis
727 2821 855 2913 gavisus
871 2819 905 2885 in
924 2815 1041 2885 umbra

228 2939 434 3029 Tempestiva
451 2939 518 3005 suis
538 2953 671 3031 torpere
691 2937 820 3007 silentia
839 2936 949 3023 furtis,

229 3058 271 3123 Vi
290 3058 416 3150 potitur
435 3059 541 3143 votis,
561 3073 596 3127 et
613 3074 684 3128 toto
702 3072 832 3152 pectore
848 3080 945 3125 veros

229 3175 392 3246 Admovet
409 3176 580 3271 amplexus
600 3205 608 3245 :
627 3179 699 3247 risit
715 3177 835 3246 chorus
855 3180 962 3247 omnis
982 3179 1024 3247 ab
1045 3180 1112 3250 alto

229 3299 422 3381 Astrorum,
439 3312 473 3365 et
491 3313 610 3367 tenerae
627 3298 812 3365 rubuerunt
831 3322 956 3368 cornua
974 3302 1086 3370 Lunae.

227 3412 286 3481 Illa
305 3413 438 3507 quidem
457 3416 599 3486 clamore
614 3441 729 3486 nemus
748 3433 959 3512 montemque
976 3419 1115 3515 replevit
1134 3449 1140 3488 :

227 3534 291 3600 Sed
307 3535 427 3603 Bacchi
438 3534 595 3622 comites,
611 3535 757 3605 discussa
773 3538 863 3607 nube
882 3542 1025 3633 soporis,

226 3651 327 3744 Signa
345 3652 455 3720 choris
471 3653 593 3721 indicta
611 3668 753 3746 putant:
775 3657 885 3752 fragor
905 3658 1052 3754 undique
1074 3675 1172 3730 notus

225 3767 376 3853 Tollitur,
393 3786 427 3838 et
446 3771 573 3863 thyrsos
593 3773 714 3842 iterum
733 3777 884 3846 vibrabat
902 3777 1055 3848 Achilles.

227 3896 310 3960 Ante
328 3904 436 3958 tamen
456 3888 590 3960 dubiam
607 3895 716 3963 verbis
733 3894 859 3965 solatur
878 3901 991 3967 amicis
1013 3928 1020 3968 :

274 4008 357 4079 «Ille
370 4036 447 4105 ego,
459 4011 538 4106 quid
552 4015 719 4109 trepidas?
732 4019 845 4108 genuit
858 4043 955 4109 quem
970 4020 1092 4091 coerula
1108 4038 1212 4092 mater
1336 4016 1339 4021 ’
