2812 5258
356 450 396 504 ΙΝ
418 450 447 502 Ρ.
469 450 499 503 P.
520 448 644 502 STATII
664 448 755 502 SILV.
777 449 845 502 LIB.
862 449 896 500 V.
1079 450 1133 522 293

110 567 143 619 ln
158 582 215 637 seq.
229 582 312 618 versu
326 564 420 636 lingua
429 563 542 615 nimiam
556 561 715 615 Marklandi
730 571 779 615 est.
789 561 896 616 Codd.:
907 562 1002 634 lingua
1015 565 1134 620 simiam.

109 656 195 711 Unde
211 655 371 710 Gronovius
389 655 453 708 fecit
466 655 564 726 lingere
577 654 664 706 simili
666 693 675 719 ‚
691 652 852 707 imitationis
864 652 979 706 mimicae
992 654 1113 725 peritum
1127 675 1133 710 :

110 748 191 819 cujus
217 748 325 802 dehac
345 764 418 801 rev.
439 745 610 799 uberrimam
632 745 863 817 explicationem,
881 763 908 816 p.
929 746 984 817 391.
1006 764 1068 819 sqq.
1087 746 1133 800 Si-

112 841 211 904 ou'am,
233 857 291 911 quo
305 838 388 893 etiam
406 839 517 891 Venetae
531 835 575 891 ed.
590 845 619 889 et
632 835 695 889 cod.
715 835 833 909 Rbedig.
851 835 988 908 scriptura
1001 857 1135 892 summme

109 930 197 999 redit,
206 949 265 984 non
279 948 336 983 esse
345 928 528 999 rejiciendum
544 927 756 998 contenderem,
770 927 793 980 si
806 944 934 981 mensura
947 928 1057 998 simjum
1070 930 1134 985 Sta-

108 1021 190 1075 tianis
203 1020 336 1092 exemplis
354 1029 449 1091 posset
463 1018 584 1073 defendi.

153 1114 277 1165 Vinctum
293 1110 330 1187 (v.
355 1108 412 1185 70)·
431 1108 548 1176 Fasciis,
568 1119 600 1162 ut
621 1127 718 1163 recens
734 1120 839 1165 natum.
859 1111 932 1166 Vide
950 1113 1064 1166 Mam..
1078 1112 1135 1180 Qni

109 1221 166 1275 seq.
181 1222 207 1255 v.
223 1204 463 1273 Pulsantemque...
478 1219 564 1253 aurae
578 1200 691 1267 scribit,
710 1218 798 1271 quum
812 1201 895 1256 codd.
914 1202 1064 1256 exhibeant
1077 1203 1135 1256 Po-

109 1305 295 1365 semumque,
311 1291 390 1364 quod
407 1300 502 1344 tuctur
521 1288 684 1344 Wakefield.
701 1290 737 1344 ad
754 1291 879 1360 Lucret,
894 1311 932 1362 ιι,
947 1291 1012 1361 367.

152 1384 346 1458 Pmperoverit
355 1385 420 1447 ille,
433 1383 488 1436 Sed
495 1383 591 1434 merito
599 1381 771 1455 properabat
779 1420 787 1445 ,
795 1401 877 1437 amor
887 1379 923 1457 (v.
936 1380 971 1452 75
986 1380 1047 1459 sq).
1055 1384 1136 1440 «Ob-

110 1473 196 1545 jectio
211 1483 289 1528 estet
303 1472 471 1544 objectionis
480 1471 592 1526 solutio.
607 1473 688 1526 Dicet
702 1471 802 1543 aliquis
816 1492 822 1524 :
838 1473 909 1527 Satis
917 1472 1033 1529 festinus
1046 1473 1136 1542 tristi,

112 1584 130 1619 o
145 1567 231 1634 Stati,
246 1567 275 1620 in
289 1584 384 1620 amore
397 1576 447 1618 tuo
461 1582 527 1635 erga
540 1564 615 1617 bunc
629 1582 765 1636 puerum,
780 1563 913 1618 donando
927 1564 966 1618 illi
979 1565 1135 1620 libertatem

111 1658 202 1712 adhuc
225 1658 331 1712 infanti.
347 1655 510 1729 Respondet
527 1655 651 1710 Statius:
668 1654 717 1709 sed
730 1651 830 1710 merito
843 1657 995 1728 properavi
1008 1665 1035 1711 et
1055 1656 1134 1711 sesti-

109 1768 163 1802 nus
183 1748 223 1802 tui
248 1748 277 1801 in
297 1747 432 1801 donando
454 1744 610 1799 libertatern
635 1765 697 1819 quae
720 1756 775 1800 tarn
797 1747 890 1801 brevis
909 1746 1008 1801 iuerat.
1030 1747 1135 1801 Eadem

112 1837 283 1892 constructio
301 1855 345 1908 ap.
361 1837 459 1889 Horat.
480 1836 538 1888 Sat.
554 1854 580 1903 1,
599 1854 647 1904 ro,
661 1838 698 1901 61.
717 1855 779 1910 sqq.
795 1862 807 1885 »
826 1839 942 1891 Mam.

151 1929 316 1999 Blandoqne
325 1928 386 1980 sinu
395 1966 404 1992 ,
411 1924 588 1998 jamjamque
595 1940 722 1981 natantes
734 1930 872 1982 Exercere
883 1946 971 2001 genas
981 1933 1018 2002 (v.
1033 1926 1069 1993 84
1080 1921 1135 2003 sq.)

113 2018 179 2075 Hac
192 2018 250 2073 sine
264 2036 347 2072 sensu
361 2027 433 2071 sunt.
448 2016 519 2071 Edd.
534 2027 600 2070 vett.
616 2037 678 2072 cum
696 2019 758 2072 cod.
776 2018 894 2092 Rhedig.
910 2038 916 2072 :
932 2036 1067 2091 excepere
1079 2038 1108 2092 g.
1125 2038 1135 2071 .·

112 2111 187 2166 unde
201 2108 300 2164 Marbl.
314 2109 371 2162 baec
385 2108 422 2162 ita
439 2107 583 2163 constituit
596 2129 602 2163 :
617 2133 631 2159 u
641 2109 796 2181 Blandique
813 2111 889 2164 sinus
900 2109 1070 2182 jamjamque
1082 2127 1135 2164 na-

112 2214 201 2257 tantes
219 2200 358 2273 excepisse
373 2218 485 2273 genas.»
500 2201 521 2253 1.
540 2219 563 2255 e.
582 2200 658 2255 sinus
672 2200 769 2254 blandi
784 2211 863 2255 erant
876 2200 1015 2273 excepisse
1033 2218 1135 2274 genas,

111 2313 164 2368 pro
177 2292 278 2347 blande
297 2291 474 2363 excipiebant
491 2309 590 2365 genas,
610 2304 661 2347 etc.
675 2294 709 2347 In
729 2310 807 2365 seqq.
822 2293 904 2347 λίσαι
919 2312 973 2366 pro
988 2291 1134 2362 arrisione,

111 2404 167 2460 qua
183 2383 287 2439 arridet
300 2383 398 2438 Statio.
