2812 5258
81 432 175 496 (atr.)
393 434 583 491 sutanum
603 436 712 493 um
732 435 781 490 ΙΙΙ.
1065 453 1102 510 97

81 557 148 621 Has
163 577 224 647 ego
243 570 276 623 te
293 555 383 625 sedes
399 558 497 651 (nam
516 582 576 626 nec
592 559 671 626 mihi
688 558 824 626 barbara
842 559 968 627 Thrace

81 688 152 757 Nec
171 687 273 779 Libye
290 688 397 758 natale
413 688 543 782 solnm)
560 690 735 759 transferre
754 687 886 776 labor03
989 694 992 699 ’

80 819 172 907 Ques
189 832 222 887 et
238 818 346 891 mollis
363 821 487 908 hiems,
506 837 538 889 et
556 821 675 915 frigida
695 835 855 914 temperat
871 835 986 904 aestas3

81 952 172 1039 Quas
190 949 321 1020 imbelle
339 951 460 1021 fretum
477 954 682 1047 torpentibus
701 951 795 1022 alluit
812 951 936 1028 undis..

81 1082 147 1148 Pax
164 1104 279 1150 secura
296 1081 395 1169 locis,
413 1097 445 1151 et
460 1082 579 1152 desidis
596 1085 663 1152 otia
677 1085 769 1169 vitae,

81 1214 122 1279 Et
139 1236 308 1305 nunquam
327 1214 456 1283 turbata
472 1215 585 1308 quies,
603 1215 772 1307 somnique
787 1216 918 1307 peracti.

82 1340 181 1411 Nulla
199 1343 271 1413 soro
285 1345 410 1430 rabies,
428 1361 486 1414 aut
502 1347 619 1414 strictae
633 1346 743 1439 jurgia
760 1344 846 1438 leges

83 1476 216 1544 Norunt
233 1503 241 1543 :
258 1476 333 1570 jura
351 1479 429 1546 viris
447 1476 573 1564 solum,
591 1492 624 1546 et
642 1479 711 1545 sinc
729 1477 891 1564 fascibus,
906 1499 1044 1568 equum.

131 1608 223 1696 Quid
240 1634 329 1678 nunc
346 1610 533 1703 magnificas
553 1611 694 1702 specics,
713 1608 886 1701 cultusque
905 1607 1072 1689 locorum,

82 1738 301 1833 Templaque,
319 1755 351 1809 et
368 1742 548 1810 innumeris
564 1744 666 1836 spatia
686 1743 885 1809 interstincta
902 1739 1081 1821 columnis3

84 1872 125 1938 Et
144 1870 308 1961 geminam
325 1870 444 1937 molem
460 1871 542 1939 nudi
563 1874 702 1964 tectique
719 1872 854 1957 theatri,

83 2004 126 2070 Et
143 1997 338 2093 Capitolinis
352 2000 584 2092 Quinquennia
600 2004 746 2092 proxima
764 2002 893 2085 lustris;

84 2131 175 2220 Quid
193 2128 323 2199 laudem
341 2131 444 2215 risus,
463 2129 707 2224 libertatemque
727 2132 919 2219 Menandri,

17 2260 21 2267 “
84 2263 194 2351 Quam
209 2265 375 2331 Romanus
392 2262 495 2329 honos
513 2276 546 2330 ct
564 2264 665 2331 Graia
683 2261 811 2331 licentia
829 2263 988 2332 miscent?

86 2400 154 2470 Nec
172 2395 287 2464 desunt
303 2394 400 2463 variae
417 2395 540 2462 circum
559 2391 776 2463 oblectamina
793 2397 867 2462 vitae
885 2422 893 2463 :

83 2529 157 2597 Sive
176 2525 393 2620 vaporiferas,
413 2523 619 2593 blandissima
637 2524 751 2612 litora,
768 2529 882 2608 Baias,

85 2660 211 2730 Entbea
229 2658 365 2726 fatidicae
384 2681 440 2726 seu
457 2659 560 2727 visere
578 2672 662 2726 tecta
678 2658 807 2751 Sibyllae

86 2793 190 2862 Dulce
209 2793 270 2877 sit,
288 2789 452 2883 Iliacoque
466 2792 583 2883 jugum
601 2790 811 2858 memorabile
829 2813 940 2873 remo;

86 2925 148 2993 Seu
163 2923 221 2991 tibi
238 2923 375 2992 Bacchei
392 2922 500 2990 vineta
517 2921 680 2989 madentia
695 2923 800 2990 Gauri

84 3055 325 3147 Teleboumque
344 3052 478 3139 domos,
497 3050 631 3144 trepidis
649 3052 705 3119 ubi
724 3050 831 3120 dulcia
850 3051 955 3119 nautis

85 3189 225 3257 Lumina
241 3186 420 3279 noctivagae
438 3182 524 3252 tollit
540 3183 666 3252 Pharus
682 3181 798 3251 aemula
816 3181 918 3266 lunae3

86 3318 234 3409 Curaque
252 3341 318 3384 non
336 3314 396 3385 soli
412 3317 492 3408 juga
511 3312 704 3382 Surrentina
722 3314 837 3406 Lyaeo,

87 3448 170 3536 Quae
188 3471 277 3515 meus
294 3461 368 3515 ante
386 3446 466 3515 alios
484 3446 646 3514 habitator
663 3441 785 3512 Pollius
803 3457 917 3536 auget;

88 3578 287 3670 AEnariaeque
304 3576 393 3646 lacus
410 3578 572 3664 medicos,
591 3577 794 3668 Statinasque
812 3587 948 3644 renatas.

135 3706 228 3778 Mille
246 3709 305 3776 tibi
324 3722 441 3775 nostrae
458 3709 596 3778 referam
614 3706 736 3776 telluris
755 3731 906 3774 amores:

88 3843 153 3913 Sed
168 3842 246 3910 satis
263 3841 346 3923 hoc,
363 3840 501 3931 conjux,
519 3842 593 3910 satis
610 3842 674 3909 hoc
692 3839 832 3924 dixisse,
847 3840 968 3908 creavit

89 3977 144 4043 Me
162 3973 242 4059 tibi,
257 3995 310 4040 me
328 3969 451 4039 socium
468 3968 581 4064 longos
599 3970 769 4039 adstrinxit
788 3971 821 4038 in
840 3994 966 4037 annos:

232 4115 253 4159 ¹·
926 4103 946 4176 ‘l
