2812 5258
61 433 157 496 reso.)
377 432 566 487 snvsauu
587 431 694 486 urana
715 433 762 486 rr.

108 557 179 624 Nec
198 568 291 623 torva
309 552 432 646 effigies
451 552 619 646 epulisque
641 552 745 621 aliena
766 553 927 632 remissis3

60 673 124 741 Sed
144 671 273 766 qualem
292 675 381 764 parci
403 672 520 740 domus
540 671 700 739 admirata
719 669 902 754 Molorchi,

61 796 128 858 Aut
146 788 234 859 Aleae
251 789 332 859 lucis
350 791 433 858 vidit
449 795 584 884 Tegeaea
602 790 777 859 sacerdos:

59 907 176 998 Qualis
195 909 236 976 ab
257 911 380 978 OEtaeis
400 910 535 977 emissus
554 911 587 977 in
609 923 696 977 astra
715 908 832 978 favillis

60 1031 179 1096 Nectar
196 1027 304 1096 adhuc
321 1043 417 1096 torva
434 1026 526 1097 laetus
547 1031 676 1096 Junonc
694 1028 849 1097 bibebat:

61 1148 114 1214 Sic
133 1148 222 1215 mitis
239 1145 366 1235 vultus,
386 1145 487 1215 veluti
503 1147 544 1215 de
563 1162 695 1240 pectore
712 1148 856 1241 gaudens

58 1268 218 1333 Hortatur
238 1290 365 1335 mensas
386 1292 394 1333 ε
417 1279 505 1334 tenet
525 1267 593 1334 haec
613 1269 792 1336 marcentia
812 1267 921 1335 fratris

59 1384 197 1472 Pocula,
214 1400 249 1453 at
268 1386 337 1454 haec
353 1385 452 1455 clavae
469 1387 619 1455 meminit
637 1412 754 1456 manus
770 1413 778 1453 :
797 1409 911 1479 aspera
929 1383 1020 1453 sedes

60 1505 225 1592 Sustinet,
246 1505 413 1574 oecultum
433 1506 587 1575 Nemeaeo
607 1509 753 1600 tegmine
773 1530 898 1575 saxum.

107 1624 216 1717 Digna
236 1626 328 1717 operi
349 1625 481 1694 sortuna
501 1650 593 1696 sacro
613 1652 622 1693 ε
642 1625 779 1695 Pellaeus
799 1623 938 1694 habebat

59 1749 226 1837 Regnator
245 1743 326 1812 laetis
345 1770 468 1813 numen
488 1744 675 1815 venerabile
695 1747 835 1832 mensis,

58 1867 102 1931 Et
121 1864 274 1930 comitem
289 1867 433 1932 Occasus
453 1889 562 1934 secum
578 1868 729 1959 portabat
747 1880 780 1934 et
800 1869 925 1950 Ortus;

62 1983 306 2074 Preusabatque
325 1980 452 2068 libens,
472 1984 572 2053 modo
592 2010 656 2078 qua
675 1986 858 2054 diademata
876 1986 991 2053 dextra

62 2100 253 2171 Abstulerat
271 2101 491 2193 dederatque,
510 2116 544 2170 et
563 2128 698 2198 magnas
717 2117 859 2172 verterat
875 2103 982 2171 urbes.

60 2224 197 2314 Semper
214 2222 254 2289 ab
273 2221 336 2289 boc
357 2223 484 2291 animos
504 2224 538 2291 in
559 2224 699 2291 crastina
720 2220 804 2290 bella
824 2222 974 2315 petebat,

61 2342 145 2408 Huic
164 2342 247 2408 acies
262 2340 370 2408 victor
387 2366 515 2436 semper
535 2343 691 2411 namabat
710 2344 855 2436 opimas,

61 2462 134 2528 Sive
154 2474 320 2528 catenatos
339 2462 473 2528 Bromio
494 2461 679 2529 detraxerat
696 2462 815 2548 Indos,

61 2580 125 2648 Seu
143 2578 288 2650 clausam
306 2604 426 2674 magna
441 2580 609 2673 Babylona
629 2581 806 2675 refregerat
824 2582 937 2665 hasta,

62 2700 126 2765 Seu
141 2698 270 2792 Pelopis
291 2714 395 2767 terras
415 2698 664 2792 libertatemque
683 2697 852 2792 Pelasgam

63 2821 228 2891 Obruerat
248 2819 353 2906 bello;
373 2845 559 2915 magnoque
578 2846 618 2889 ex
637 2822 766 2914 agmine
787 2817 923 2887 laudum

63 2943 180 3007 Fertur
195 2941 368 3009 Thebanos
389 2954 517 3009 tanturn
536 2964 704 3008 excusasse
719 2939 915 3031 triumphos.

63 3058 123 3128 llle
142 3062 261 3147 etiam,
279 3084 416 3154 magnos
434 3059 509 3128 satis
529 3059 757 3153 rumpentibus
777 3072 890 3146 actus,

61 3182 175 3266 Quum
199 3180 342 3248 traheret
361 3177 458 3248 letale
476 3203 625 3265 merum,
642 3179 711 3271 jam
730 3181 845 3246 mortis
864 3200 968 3270 opaca

63 3297 161 3368 Nube
178 3299 304 3389 gravis,
324 3296 434 3367 vultus
449 3295 530 3366 alios
551 3299 584 3366 in
599 3298 737 3367 numine
752 3320 829 3365 caro

65 3418 205 3507 AEraque
222 3420 382 3511 supremis
399 3419 510 3488 timuit
529 3418 681 3487 sudantia
696 3417 825 3486 mensis.

112 3537 193 3603 Mox
210 3537 449 3607 Nasamoniaco
466 3538 567 3607 decus
585 3536 777 3606 admirabile
792 3540 860 3632 regi

65 3657 271 3738 Possessum3
289 3653 430 3746 fortique
445 3660 517 3726 Deo
536 3656 651 3726 libavit
670 3657 812 3726 bonores

64 3772 199 3864 Semper
216 3787 311 3855 atrox
328 3772 455 3860 dextra,
475 3777 673 3869 perjuroque
692 3801 768 3844 ense
787 3777 947 3869 superbus

65 3890 219 3958 Annibal.
242 3889 363 3960 Italicae
384 3893 549 3985 perfusum
569 3898 728 3989 sanguine
747 3897 872 3988 gentis,

63 4011 211 4101 Diraque
232 4009 401 4079 Romuleis
421 4027 606 4103 portantem
628 4013 779 4081 incendia
800 4014 892 4081 tectis
