2812 5258
75 437 105 496 a.
120 437 186 498 aaa>
380 434 588 490 mammos
610 436 718 490 mum
741 436 791 490 111.
1034 439 1097 498 ⁹227

75 567 266 631 Devoveant
283 586 290 628 :
307 584 385 652 rape
403 575 612 647 cunctantes,
633 575 666 629 et
683 560 804 629 foedera
822 559 935 642 turba,

78 683 162 769 Quae
182 679 352 748 dedimus:
371 679 430 746 tibi
450 678 498 746 las
519 680 605 773 ipsos
626 679 799 776 incendere
817 678 904 752 bello

77 798 260 884 Goelicolas,
280 822 457 890 pacemque
478 822 583 865 meam
602 800 692 889 :jum
714 801 837 866 semina
858 822 976 893 pugnae

76 924 149 1015 Ipse
168 918 264 986 dedi:
282 931 404 987 remeat
423 931 557 1010 portans
576 919 730 986 immania
749 917 878 1010 Tydeus

76 1044 162 1107 Ausa
184 1038 292 1119 ducis,
314 1035 418 1104 scelus
436 1050 469 1103 et
488 1038 592 1129 turpis
611 1037 788 1130 primordia
805 1035 898 1123 belli,

77 1155 228 1242 Insidias,
247 1154 461 1247 fraudesque,
479 1157 546 1222 suis
566 1180 647 1247 quas
669 1154 757 1224 ultus
776 1157 810 1224 in
830 1159 938 1225 armis.

125 1274 247 1344 «Adde
268 1273 387 1341 fidem:
403 1298 460 1340 vos
479 1299 499 1340 ο
517 1276 652 1366 Superi,
669 1299 760 1342 meus
777 1274 892 1342 ordine
909 1274 1058 1366 sanguis,

78 1399 129 1465 Ne
147 1407 291 1487 pugnate
309 1392 407 1475 odiis,
426 1417 489 1459 neu
509 1417 561 1459 me
579 1405 702 1461 tentare
721 1392 885 1486 precando

79 1514 216 1583 Certetis
233 1538 240 1579 :
258 1513 304 1580 sic
323 1511 389 1579 lata
406 1510 505 1593 mihi,
522 1512 688 1603 nigraeque
707 1536 858 1579 sororum

77 1637 231 1702 Juravere
249 1630 340 1698 colus
358 1655 365 1697 :
384 1645 494 1698 manet
513 1631 581 1698 haec
599 1631 640 1698 ab
659 1633 785 1724 origine
804 1631 918 1699 mundi

79 1754 156 1820 Fixa
175 1749 242 1819 dies
260 1748 365 1832 bello,
387 1748 564 1842 populique
584 1752 618 1817 in
637 1749 750 1843 proelia
768 1752 846 1818 nati.

80 1869 222 1958 Quidni
242 1893 294 1934 me
315 1881 462 1934 veterum
480 1893 591 1959 poenas
608 1871 734 1937 sancire
751 1867 910 1936 malorum

82 1987 262 2070 Gentibus,
281 1998 314 2051 et
333 1983 422 2051 diros
443 1980 684 2077 sinitis‘punire
703 1986 860 2079 nepotes?

82 2112 198 2175 Arcem
219 2105 304 2171 hanc
324 2117 500 2190 aeternam,
517 2107 633 2172 mentis
650 2107 789 2172 sacraria
808 2118 946 2187 nostrae,

81 2229 211 2310 Testor,
231 2238 265 2290 et
283 2221 410 2315 Elysios
426 2225 524 2291 etiam
542 2223 622 2291 milri
642 2226 778 2291 numina
800 2224 925 2308 fontes,

83 2349 157 2436 lpse
175 2368 275 2410 manu
295 2342 438 2428 Thebas,
457 2358 672 2437 correptaque
692 2345 811 2411 moenia
831 2343 931 2411 sundo

82 2464 274 2548 Excutiam,
293 2486 466 2555 versasque
486 2461 556 2531 solo
576 2488 674 2555 super
691 2463 811 2532 Inacha
833 2478 916 2531 tecta

82 2583 259 2650 Effundam
275 2596 399 2668 turres,
418 2605 457 2650 ac
473 2596 587 2676 stagna
607 2585 640 2650 in
661 2583 779 2652 caerula
797 2598 921 2652 vertam

83 2707 191 2773 lmbre
212 2705 412 2796 superject03
429 2703 502 2773 licet
520 2707 589 2797 ipsa
609 2706 642 2772 in
662 2706 793 2772 turbine
808 2727 919 2771 rerum

83 2829 169 2893 Juuo
188 2850 264 2892 suos
284 2822 383 2892 colles
403 2822 630 2916 templumque
650 2820 798 2915 amplexa
816 2821 977 2889 laboret.»

130 2945 240 3028 Dixit3
257 2958 289 3012 et
307 2943 437 3012 attoniti
454 2943 553 3033 jussis
574 2940 739 3033 (mortalia
756 2940 868 3008 credas

84 3065 234 3156 Pectora)
255 3065 301 3131 sic
322 3063 433 3132 cuncti
449 3085 630 3154 vocemque
648 3062 840 3153 animosque
857 3060 1020 3127 tenebant.

85 3184 162 3250 Non
182 3207 274 3249 secus
290 3207 327 3251 ac
348 3181 448 3275 longa
464 3195 638 3249 ventorum
656 3205 736 3274 pace
752 3177 897 3265 solutum

86 3303 220 3391 AEquor,
237 3316 270 3367 et
285 3300 408 3370 imbelli
427 3301 586 3369 recubant
604 3301 659 3367 ubi
676 3298 773 3367 litora
792 3323 924 3386 somno,

87 3418 313 3510 Silvarumque
328 3446 456 3507 comas,
477 3435 509 3489 et
530 3422 644 3488 abacto
661 3420 791 3488 llamine
809 3419 911 3487 nubes

86 3536 211 3608 Mulcet
227 3538 312 3605 iners
327 3553 420 3608 aestas
438 3566 446 3608 ε
467 3556 546 3610 ωηο
560 3556 690 3634 stagna,
707 3537 861 3632 lacusque
880 3539 992 3606 sonori
1081 3567 1084 3574 ·

87 3662 310 3727 Detumuere:
328 3671 436 3726 tacent
453 3661 601 3729 exhausti
620 3658 742 3727 solibus
762 3683 883 3727 amnes.

135 3776 266 3846 Gaudet
283 3800 385 3842 ovans
401 3777 518 3866 jussis,
536 3794 569 3847 et
583 3779 691 3850 adhuc
714 3794 842 3847 temone
862 3775 981 3846 calenti

88 3895 263 3982 Fervidus,
284 3897 318 3962 in
340 3892 457 3961 laevum
477 3909 606 3990 torquet
623 3897 789 3967 Gradivus
807 3897 961 3966 habenae.

86 4022 223 4109 Jamque
245 4021 308 4085 iter
323 4030 529 4103 extremum,
546 4014 684 4108 ooelique
704 4016 846 4110 abrupta
865 4017 1012 4101 tenebat,

916 4131 968 4199 15.
