2812 5258
342 455 394 492 roa
481 401 484 406 ¹
574 475 576 479 -
644 433 1071 498 muaafflosuamtvu.
1270 432 1385 498 (tt-415.)

338 562 445 630 Nocte
465 561 576 630 ferunt
594 561 694 630 tacita
714 583 828 655 :Uaaevo
845 557 1021 635 decurrere
1035 582 1160 652 ,campo

336 682 549 750 OEnomaum
565 704 625 749 sna
641 681 716 751 Piae
733 678 845 749 refert.
862 677 1036 754 Acheloon
1052 693 1196 772 utroque

335 799 528 870 Deformem
545 824 650 869 cornu
668 824 772 896 vagus
789 799 975 875 infamabat
992 805 1157 873 Acarnan.

334 923 468 990 Perseos
488 920 634 1016 effigiem
651 935 804 990 moestam
821 935 1027 1015 exorantque
1041 923 1191 1014 Mycenae

333 1040 518 1113 Confusam
538 1042 680 1111 lunonis
698 1042 808 1111 ebur:
827 1042 957 1138 mugire
977 1056 1147 1136 potentem

331 1164 481 1234 Inachon
500 1161 672 1259 agricola,
694 1163 818 1258 gemini
838 1165 940 1234 maris
961 1161 1073 1235 incola
1092 1179 1208 1235 narrat

329 1284 525 1354 Thebanum
548 1299 619 1355 toto
639 1282 805 1379 planxisse
821 1282 1144 1380 Palaemonaponto.

329 1408 408 1477 llaec
427 1405 523 1476 audit
540 1403 682 1500 Pelopea
700 1404 865 1501 phalam
884 1405 942 1480 aed
959 1404 1097 1478 bellicus
1117 1405 1218 1476 ardor

328 1526 485 1599 Consiliis
499 1527 612 1598 obstat
627 1528 769 1615 Divum,
790 1526 1013 1622 prohibetque
1031 1529 1154 1599 timeri.

374 1653 447 1719 lam
466 1649 576 1744 ripas,
594 1651 724 1744 Ampe,
746 1661 838 1736 tuas,
858 1651 1040 1741 Boeotaque
1057 1663 1194 1724 ventum

326 1768 498 1856 Flumina3
518 1795 586 1839 non
607 1793 698 1840 ausa)
714 1769 940 1839 transmittere
961 1770 1114 1864 protinus
1134 1769 1194 1841 alae

324 1891 489 1962 Hostilem
509 1891 665 1981 fluvium3
683 1891 769 1962 forte
789 1906 823 1961 et
840 1888 1086 1988 trepidantibus
1105 1893 1220 1990 ingens

324 2013 559 2088 Descendebat
574 2016 685 2113 agris,
707 2019 840 2087 animos
857 2017 927 2095 sive
943 2014 1094 2087 imbrifer
1111 1991 1228 2102 arcus,

322 2141 388 2208 Seu
409 2154 569 2210 montana
585 2136 679 2208 dedit
697 2139 822 2226 nubes,
840 2163 897 2213 aen
917 2137 1063 2208 fluminis
1084 2136 1140 2209 illa

321 2262 421 2330 Mens
440 2260 522 2347 fuit,
538 2259 759 2353 abjectusque
777 2258 863 2327 vado
880 2273 976 2352 pater
993 2282 1086 2329 arma
1104 2258 1246 2330 vetabat.

368 2385 463 2452 Tunc
480 2381 568 2450 serus
586 2378 825 2475 Hippomedon
842 2402 965 2472 magno
981 2402 1058 2448 cum
1078 2377 1239 2471 fragmine
1259 2379 1338 2472 ripa

320 2507 545 2576 Cunctantem
563 2498 686 2596 dejecit
703 2524 848 2594 equum,
867 2498 1076 2592 ducibusque
1096 2494 1219 2571 relictis

321 2626 463 2722 Gurgite
479 2622 523 2694 de
539 2622 651 2700 medio
667 2619 771 2693 frema
792 2645 989 2719 suspensus,
1008 2635 1042 2691 et
1059 2621 1178 2706 armis,

215 2720 219 2731 ⁴
321 2747 501 2835 alterici,
520 2742 664 2817 clamat:
685 2746 732 2815 sic
753 2769 811 2815 vos
830 2745 866 2813 in
884 2744 1006 2814 moenia
1021 2744 1150 2838 primus

250 2955 254 2960 Ι
320 2875 470 2956 Ducere,
491 2870 538 2938 sic
558 2865 685 2941 clausas
702 2891 809 2937 voveo
826 2866 1033 2962 perfringere
1052 2864 1219 2933 Thebas.»

370 2991 585 3085 Praecipitant
602 2990 714 3059 cuncti
737 2989 856 3073 fluvio,
876 2985 1063 3082 puduitque
1081 3001 1220 3054 secutos.

319 3115 368 3182 Ac
387 3111 480 3182 velut
500 3113 652 3208 ignotum
671 3109 851 3207 siquando
871 3123 1023 3180 armenta
1041 3134 1101 3203 per
1118 3134 1248 3177 atonem

320 3236 439 3304 Pastor
455 3234 545 3328 agit,
563 3246 631 3302 stat
646 3232 741 3301 triste
760 3255 879 3324 pecus,
900 3228 1017 3324 procul
1034 3227 1136 3300 altera
1157 3228 1255 3299 tellus

319 3352 504 3439 Omnibus,
522 3367 556 3421 et
575 3351 641 3421 lata
658 3350 787 3421 medius
806 3351 932 3419 timor:
952 3365 1002 3419 ast
1019 3350 1077 3420 ubi
1097 3350 1217 3419 ductor

318 3477 449 3543 Taurus
467 3473 547 3561 init,
568 3471 712 3567 fecitque
730 3470 873 3559 vadum,
893 3487 973 3541 tunc
993 3470 1126 3542 mollior
1144 3472 1254 3560 unda,

318 3598 415 3666 Tunc
432 3592 543 3664 faciles
562 3592 685 3682 saltus,
702 3594 846 3688 visaeque
867 3593 1024 3663 accedere
1042 3595 1134 3687 ripae.

368 3714 467 3785 Haud
481 3713 599 3808 procul
617 3714 695 3784 inde
704 3715 841 3810 jugum,
856 3717 1002 3809 tutisque
1015 3714 1230 3787 accommoda
1249 3717 1366 3787 castris

222 3909 224 3911 ,
320 3843 411 3909 Arva
432 3849 568 3923 notam,
588 3836 678 3907 unde
698 3837 814 3909 urbem
833 3838 934 3906 etiam
952 3852 1127 3931 turresque
1146 3834 1257 3909 videre

322 3958 503 4029 Sidonias:
522 3956 649 4052 placuit
670 3957 781 4046 sedes,
802 3956 929 4052 fidique
949 3974 1120 4054 receptus,

319 4075 415 4150 Colle
432 4103 493 4174 per
514 4076 678 4147 excelsum
699 4078 832 4167 natulo,
852 4104 950 4172 quem
970 4080 1084 4149 subter
1103 4090 1218 4171 aperto
