2812 5258
98 460 209 522 tasas)
400 457 609 512 rutaarnns
630 456 739 512 manu
761 456 808 511 ιιι.
1073 451 1129 517 239

101 581 191 652 Bella
208 581 341 665 animis,
357 577 442 648 bella
459 604 515 648 ore
534 580 702 649 fremunt:
721 579 747 647 it
765 577 891 647 clamor
907 577 950 647 ad
965 601 1079 664 auras,

101 703 256 789 Quantus
272 699 433 793 Tyrrheni
454 700 594 791 gemitus
610 696 704 782 salis,
726 711 784 765 aut
802 697 859 766 ubi
878 710 983 767 tentat

102 817 285 889 Enceladus
299 832 428 886 mutare
447 818 557 886 latus:
574 815 690 911 procul
709 819 824 911 igneus
843 817 947 885 antris

101 942 198 1008 Mons
215 952 326 1024 tonat3
340 936 511 1006 exundant
527 940 650 1032 apices,
670 937 853 1030 fluctusque
870 935 1005 1005 Pelorus

101 1056 297 1145 Contrahit,
321 1072 355 1127 et
374 1071 485 1151 sperat
502 1055 598 1125 tellus
617 1057 758 1150 abrupta
776 1056 906 1124 reverti.

150 1181 258 1269 Atque
276 1177 330 1245 hic
348 1178 473 1271 ingenti
493 1180 667 1269 Capaneus
686 1176 847 1245 Mavortis
867 1199 978 1243 amore

102 1298 254 1383 Excitus,
272 1311 305 1365 et
322 1295 456 1390 longam
474 1294 601 1389 pridem
616 1293 821 1388 indignantia
840 1318 952 1387 pacem

102 1415 211 1485 Corda
229 1428 359 1485 tumens
377 1415 472 1510 (huic
490 1412 600 1507 ampla
615 1412 748 1507 quidem
765 1412 805 1481 de
823 1415 982 1507 sanguine
1001 1412 1108 1505 prisco

104 1533 265 1606 Nobilitas
284 1561 292 1603 ε
311 1534 474 1604 sedenim
493 1535 562 1626 ipse
580 1558 680 1601 manu
701 1556 900 1628 praegressus
916 1556 1052 1600 avorum

103 1659 216 1740 Facta,
229 1654 287 1722 diu
308 1669 381 1723 tuto
401 1657 568 1748 Superum
584 1667 780 1740 contemtor,
798 1666 831 1720 et
848 1656 933 1744 requi

102 1775 295 1867 impatiens,
312 1771 488 1867 largusque
507 1773 643 1860 animae,
666 1771 765 1842 modo
782 1773 920 1841 suaserit
942 1769 1028 1865 ira),

103 1897 200 1963 Unus
219 1907 256 1960 ut
274 1917 293 1959 e
310 1890 399 1960 silvis
411 1889 553 1959 Pholoes
566 1891 735 1959 habitator
750 1915 875 1984 opacae,

103 2016 194 2080 Inter
208 2025 241 2078 et
261 2013 402 2078 AEtnaeos
419 2034 533 2102 aequus
548 2032 746 2103 consurgere
767 2009 898 2094 fratres,

103 2139 190 2202 Ante
215 2131 316 2216 lones,
335 2130 392 2198 ubi
411 2129 509 2199 turba
528 2128 665 2215 ducum,
688 2126 842 2223 vulgique
863 2130 1045 2215 frementis,

102 2252 315 2345 Amphiarae,
332 2262 415 2317 tuas.
445 2250 556 2336 «Quae
578 2261 669 2317 tanta
685 2249 830 2343 ignavia,
848 2247 981 2335 clamat,

103 2368 291 2440 Inachidae?
309 2391 433 2460 vosque
451 2393 471 2436 o
487 2368 577 2436 socio
598 2367 639 2436 de
655 2369 814 2462 sauguine
831 2367 965 2455 Achivi,

103 2492 227 2574 Unius,
243 2490 308 2557 heu
325 2483 462 2581 pudeat!
480 2486 608 2580 plebeia
624 2486 666 2557 ad
684 2487 797 2555 limina
816 2489 913 2574 civis,

102 2613 166 2679 Tot
182 2610 271 2678 ferro
287 2609 439 2676 accinctae
455 2622 586 2701 gentes,
608 2608 791 2699 animisque
810 2623 934 2699 paratae

108 2728 304 2800 Pendemus?
321 2753 388 2796 nou
405 2728 433 2796 si
451 2729 520 2820 ipse
538 2752 619 2797 cavo
639 2727 699 2797 sub
720 2729 841 2795 vertice
862 2725 1012 2818 Cyrrhae,

106 2849 263 2941 Quisquis
280 2850 307 2917 is
324 2862 373 2917 est
392 2845 530 2934 timidis,
548 2847 706 2941 famaeque
724 2848 769 2914 ita
788 2846 891 2930 visus,
910 2842 1029 2939 Apollo
1058 2830 1060 2834 ¹

106 2969 248 3061 Mugiat,
266 2969 381 3038 insano
398 2968 529 3060 penitus
549 2965 693 3035 seclusus
713 2967 748 3035 in
765 2979 877 3050 antro,

106 3088 300 3177 Exspectare
316 3112 452 3182 queam,
469 3086 548 3155 dum
565 3084 685 3180 pallida
703 3088 797 3180 virgo
814 3083 1000 3153 tremendas

106 3204 245 3273 Nuntiet
264 3208 427 3302 ambages.
448 3207 565 3276 Virtus
579 3206 659 3274 mihi
678 3229 815 3289 numen,
835 3219 869 3273 et
885 3207 972 3273 ensis
996 3264 999 3270 .

106 3324 216 3410 Quem
232 3338 325 3393 teneo
341 3351 349 3394 :
364 3327 499 3420 jamque
519 3325 585 3394 huc
603 3323 809 3393 timidarum
826 3324 942 3394 sraude
957 3327 1108 3396 sacerdos

106 3445 225 3527 Exeat,
246 3455 304 3509 aut
322 3442 420 3514 hodie
435 3444 608 3514 volucrum
628 3467 700 3535 quae
717 3458 807 3514 tanta
826 3459 971 3538 potestas

106 3561 275 3653 Experiar.
291 3563 444 3630 »Laetum
463 3564 589 3649 fremit,
606 3586 805 3657 assensuque
820 3564 984 3634 furentem

105 3679 222 3771 Implet
240 3680 356 3748 Achaea
376 3702 515 3750 manus:
534 3683 668 3753 tandem
685 3707 902 3777 pmrumpere
921 3682 1058 3754 adactus

106 3798 275 3886 OEclides,
294 3796 360 3866 alio
376 3821 530 3867 curarum
550 3804 694 3897 agitante
711 3802 880 3873 tumultu:

153 3918 255 3986 «Non
273 3915 424 4011 equidem
442 3915 567 3987 effreno
582 3923 713 4014 iuvenis
731 3921 874 3992 clamore
891 3921 1038 4016 profani,

106 4038 345 4130 Dictornmque
360 4051 468 4123 metu,
487 4033 562 4106 licet
579 4039 634 4109 hic
649 4042 766 4111 insana
782 4041 941 4127 minetur,
