2774 5256
275 408 329 463 188
588 392 801 457 THEBAIDOS
823 394 938 452 LIBER
955 393 994 449 X.
1217 387 1256 453 (r.
1272 391 1342 456 445.)

271 537 342 602 Vos
358 554 491 625 quoque
507 530 641 615 sacrati,
657 528 809 622 quamvis
825 548 899 594 mea
914 523 1065 592 carmine
1083 530 1247 617 surgant

273 652 436 721 Inferiore
456 650 543 744 lyra,
564 672 729 717 memores
748 646 947 740 superabitis
966 666 1086 715 annm.

274 773 426 841 Forsitan
439 786 473 840 et
491 771 628 839 comites
646 793 715 837 non
733 769 967 864 aspernabitur
984 764 1128 835 umbras

274 890 456 986 Euryalus,
476 891 680 985 Phrygiique
698 888 854 958 admittet
870 887 977 983 gloria
997 888 1083 957 Nisi.

322 1019 365 1084 At
383 1013 472 1080 ferus
492 1011 683 1106 Amphion,
698 1011 770 1106 regi
788 1009 952 1104 quisenta
967 1016 1168 1104 reportent,

275 1133 510 1226 Edoceantque
530 1130 664 1222 dolum,
682 1133 883 1226 captivaque
900 1156 1042 1226 corpora
1060 1128 1242 1221 reddant,

275 1256 380 1322 Mittit
395 1278 499 1322 ovans
517 1279 526 1322 τ
543 1252 665 1323 clausis
682 1253 753 1348 ipse
770 1251 930 1323 insultare
946 1251 1095 1347 Pelasgis

275 1374 416 1464 Tendit,
434 1389 467 1444 et
484 1374 630 1445 abscisos
646 1375 815 1445 sociorum
831 1374 1008 1445 ostendere
1025 1370 1168 1447 vultus..

325 1501 455 1565 Interea
473 1495 630 1566 reducem
649 1521 824 1567 mumrum
841 1522 861 1567 e
878 1495 1026 1567 culmine
1044 1497 1146 1569 Graii

275 1619 521 1687 Thiodamanta
540 1617 655 1689 rident
674 1645 682 1688 :
704 1642 764 1689 uec
780 1620 852 1712 jum
869 1621 1083 1716 erumpentia
1103 1618 1225 1694 celant

276 1739 428 1831 Gaudia,
452 1756 489 1811 ut
504 1755 634 1810 exertos
646 1764 758 1829 enses,
777 1757 810 1810 et
830 1741 919 1813 cede
935 1744 1061 1811 recenti
1219 1834 1229 1853 ι

276 1868 379 1934 Arma
397 1863 516 1933 rubere
531 1878 649 1933 notant
673 1889 681 1933 t
703 1888 811 1951 novus
830 1863 937 1953 assilit
953 1864 1076 1933 aethera
1099 1889 1254 1962 mugnus
1285 1892 1291 1901 ·

276 1984 431 2072 Clamor,
449 2000 483 2053 et
502 2010 520 2053 e
539 2009 670 2055 summo
687 1983 840 2079 pendent·
850 1984 972 2079 cupida
990 1987 1127 2081 agmina
1146 1984 1246 2059 vallo

276 2109 426 2177 Noscere
443 2110 584 2202 quisque
603 2133 679 2177 suos
698 2133 706 2176 ε
725 2105 898 2176 volucrum
919 2107 966 2176 sic
984 2107 1084 2177 turba
1101 2124 1287 2195 recentum

277 2234 394 2320 Quum
414 2229 571 2300 reducem
592 2230 694 2327 longo
714 2233 884 2326 prospexit
902 2233 937 2301 in
956 2232 1078 2301 aethere
1099 2246 1269 2322 metron,

276 2356 329 2421 Ire
350 2355 444 2447 cupit
461 2368 595 2440 eontra,
616 2377 811 2447 summaque
829 2354 849 2422 e
868 2355 1020 2449 margine
1038 2353 1111 2423 nidi

276 2476 392 2543 Exstat
412 2473 533 2542 hians:
551 2474 756 2568 jamjamque
772 2474 887 2562 cadat,
905 2479 941 2545 ni
953 2492 1088 2571 pectore
1107 2492 1189 2549 toto
1242 2450 1254 2463 ι

278 2596 397 2664 Obstet
413 2610 528 2689 aperta
547 2614 684 2690 parens,
703 2610 737 2665 et
752 2598 944 2666 amantibus
963 2601 1122 2693 increpet·
1137 2599 1213 2671 alic

277 2721 436 2810 Dumque
456 2743 541 2810 opus
560 2741 740 2804 arcanum,
760 2733 794 2788 et
813 2721 905 2790 taciti
924 2719 1124 2815 compendia
1144 2726 1274 2795 Martis

277 2843 504 2925 Enumeraut,
525 2838 672 2931 laetisque
688 2865 765 2909 suos
782 2841 1009 2937 complexibus
1025 2842 1187 2938 implent,

278 2959 471 3053 Hopleaque
492 2962 691 3054 exquirunt,
712 2962 913 3057 tardumque
929 2966 1105 3056 Dynranta
1120 2982 1334 3059 queruntur,

277 3084 363 3149 Ecce
381 3096 414 3149 et
428 3083 566 3151 Dircaeae
576 3083 674 3175 juxta
692 3082 759 3152 dux
776 3085 928 3155 concitus
948 3082 1007 3152 aloe

279 3204 426 3269 Venerat
440 3203 610 3295 Amphion
629 3229 637 3270 :
655 3228 724 3272 non
742 3202 879 3298 longum
897 3205 985 3273 caede
1001 3210 1128 3276 recenti

278 3322 441 3408 Laetatus,
461 3321 550 3390 videt
568 3324 753 3393 innumeris
773 3324 901 3394 fervere
919 3329 1060 3395 catervis

277 3438 463 3529 Tellurem,
485 3457 584 3536 atque
605 3470 672 3514 una
692 3460 824 3540 gentem
841 3451 1010 3542 exspirare
1029 3450 1140 3519 ruina.

327 3565 395 3649 Qui
416 3578 541 3633 tremor
559 3565 676 3637 illicita
692 3568 765 3638 coeli
785 3569 827 3640 de
844 3568 997 3665 lampade
1017 3587 1145 3657 tactos,

231 3776 236 3783 Ι
278 3685 341 3751 Hic
359 3684 431 3752 fixit
449 3687 622 3778 juvenem,
643 3691 836 3784 pariterque
854 3692 993 3760 horrore
1013 3693 1075 3761 sub
1093 3718 1168 3764 uno

277 3807 369 3891 Vox,
389 3807 494 3895 acies,
514 3810 836 3905 sanguisque-perit,
857 3815 1065 3907 gemitusque
1084 3831 1273 3909 parantem

276 3928 351 4019 lpse
372 3925 459 3994 ultro
472 3931 637 3998 convertit
650 3955 755 4024 equus
777 3958 785 4000 ε
807 3932 894 4027 fugit
911 3932 964 4003 ala
977 3949 1107 4003 retorto

278 4045 428 4117 Pulvere.
449 4048 612 4120 Nondum
631 4049 678 4119 illi
697 4053 887 4123 Thebarum
904 4053 1049 4124 claustra
1071 4058 1257 4149 subibant,
