2812 5258
73 416 172 482 (trs.)
407 415 618 472 rnnmmos
636 413 750 472 mann
764 416 799 470 v.
1081 414 1119 473 aa

125 537 212 609 «Sol
232 561 370 632 operum
391 539 517 608 modius
537 562 668 608 summo
687 537 832 607 librabat
850 537 996 634 Olympo

73 663 256 746 Lucentes,
275 682 337 728 ceu
356 672 475 746 staret,
495 683 598 752 equos
620 685 628 728 ε
648 672 765 752 quater
782 682 843 728 axe
863 683 979 728 sereno

74 781 245 868 Intonuit,
266 793 383 874 quater
401 795 498 850 antra
515 781 579 850 Dei
599 779 756 850 fumantis
776 777 912 849 anhelos

75 904 241 971 Exeruere
260 902 369 994 apices
388 927 396 968 ε
419 901 592 994 ventisque
609 899 801 995 absentibus
818 900 924 995 AEgon

75 1024 209 1108 Motus,
227 1034 261 1089 et
277 1021 402 1115 ingenti
418 1021 582 1114 percussit
597 1018 694 1090 litora
711 1035 815 1114 ponto
832 1046 840 1086 :

75 1140 190 1230 Quum
206 1140 316 1209 subito
332 1139 517 1210 horrendas
534 1141 595 1209 aevi
611 1154 743 1209 matura
759 1139 885 1235 Polyxo

75 1259 218 1330 Tollitur
234 1262 270 1328 in
288 1260 410 1348 firrias,
430 1248 651 1352 thalamisque
666 1262 796 1329 insueta
810 1258 932 1330 relictis

75 1379 218 1452 Evolat:
234 1382 353 1449 insano
369 1378 471 1449 veluti
488 1380 685 1450 Thaumasia
701 1380 812 1474 Thyas

75 1506 185 1597 Rapta
201 1505 292 1587 Deo,
310 1524 413 1593 quum
430 1524 523 1570 sacra
541 1515 678 1589 vocant,
696 1499 849 1594 Idaeaque
867 1499 983 1569 suadet

75 1626 208 1708 Buxus,
223 1635 257 1690 et
271 1645 291 1689 a
307 1621 441 1690 summis
459 1619 592 1691 auditus
612 1621 781 1691 montibus
795 1623 891 1691 Evan
908 1647 917 1689 ι

76 1743 129 1810 Sic
150 1755 257 1811 erecta
276 1766 395 1837 genas,
416 1743 585 1835 aciemque
604 1740 709 1811 eflusa
727 1744 884 1811 trementi

74 1863 263 1957 Sanguine,
279 1860 444 1931 desertam
459 1858 585 1929 rabidis
602 1859 801 1929 clamoribus
817 1861 935 1929 urbem

73 1982 252 2074 Exagitet,
271 1978 464 2072 clausasque
480 1978 614 2066 domos,
633 1993 667 2048 et
683 1976 800 2047 limina
816 1978 968 2073 pulsans,

74 2097 268 2170 Concilium
284 2113 405 2167 vocat:
424 2097 539 2167 infelix
555 2099 731 2167 comitatus
747 2100 839 2167 eunti
912 2140 921 2159 ι

78 2219 256 2290 llaerebant
277 2220 346 2286 nati
366 2244 374 2286 :
396 2233 495 2311 atque
514 2215 578 2287 illae
597 2243 665 2287 non
685 2219 819 2313 segnius
838 2243 952 2288 omnes

77 2344 269 2434 Erumpunt
288 2340 400 2423 tectis;
421 2362 631 2431 summasque
651 2338 693 2407 ad
715 2335 866 2407 Pallados
885 2363 978 2408 arces

79 2463 225 2555 Impetus
241 2485 248 2527 :
264 2458 331 2527 huc
346 2482 487 2552 propere
504 2459 682 2552 stipamur,
702 2473 736 2527 et
751 2456 868 2528 ordine
885 2457 978 2528 nullo

79 2584 251 2677 Congesta
266 2606 274 2649 :
290 2581 403 2649 stricto
419 2604 494 2648 mox
509 2603 586 2648 ense
599 2577 731 2648 silentia
740 2580 838 2674 jussit

80 2703 253 2772 Hortatrix
267 2699 446 2788 scelerum,
460 2714 494 2768 et
505 2698 616 2767 medio
628 2701 674 2768 sic
686 2724 766 2769 ausa
779 2698 905 2793 profari
917 2714 965 2767 est
979 2726 987 2767 ε

127 2827 233 2893 «Rem
247 2846 411 2893 summam
425 2822 585 2891 instinctu
602 2822 788 2913 Superum,
798 2820 975 2912 meritique
987 2817 1123 2906 doloris,

79 2942 234 3013 Oviduae
253 2942 406 3039 (firmate
424 2943 553 3012 animos
572 2922 611 3009 et
622 2938 735 3034 pellite
755 2937 894 3035 sexum)

80 3064 294 3152 [emniadem
313 3066 441 3133 sancire
462 3087 544 3158 paro
564 3063 618 3130 :si
639 3059 735 3130 tardet
755 3063 870 3130 inanes

79 3186 251 3255 AEternum
269 3209 400 3254 servare
416 3184 551 3269 domos,
568 3196 765 3276 turpemque
780 3182 924 3274 juventa

79 3304 177 3375 Flore
197 3308 315 3393 situm,
337 3320 371 3374 et
390 3302 498 3398 longis
519 3301 644 3372 steriles
665 3302 699 3369 in
719 3300 862 3371 luctibus
883 3326 1005 3389 annos,

80 3427 215 3514 lnveni,
231 3427 391 3520 promitto
405 3425 515 3510 viam,
531 3447 592 3492 nec
611 3423 748 3491 numina
766 3420 905 3511 desunt,

79 3546 158 3634 Qua
177 3545 370 3614 renovanda
388 3547 502 3613 Venus
521 3569 530 3612 ε
549 3541 649 3612 modo
668 3567 730 3636 par
747 3543 902 3612 insumite
923 3543 1026 3612 robur

80 3666 243 3735 Luctibus
259 3690 267 3732 ε
285 3680 383 3758 atque
397 3664 481 3734 adeo
496 3664 642 3758 primum
655 3663 720 3731 hoc
733 3663 814 3731 mihi
830 3688 965 3732 noscere
978 3661 1096 3732 detur:

129 3786 273 3854 «Tertia
288 3799 386 3853 canet
400 3786 525 3854 hiems:
543 3785 598 3852 cui
614 3784 826 3853 connubialia
843 3781 971 3867 vincla,

79 3908 149 3975 Aut
166 3904 306 3975 thalami
324 3922 467 3976 secretus
485 3903 614 3974 honos?
633 3905 723 3998 quod
741 3906 882 3999 conjuge
901 3917 1014 3997 pectus
1054 3951 1056 3954 ι

80 4025 251 4120 lntepuitl
269 4027 366 4120 cujus
381 4025 465 4094 vidit
482 4026 611 4095 Lucina
630 4023 779 4094 labores?

227 4168 263 4216 u.
938 4140 960 4213 3
