2812 5258
79 429 112 487 lv.
124 431 192 483 sota
385 435 593 491 THEBAIDOS
614 439 721 491 LIBER
744 439 779 492 lt.
1046 453 1096 490 aar

78 556 220 646 Semita,
235 580 332 648 quam
349 559 462 626 subter
479 562 608 651 campi,
628 560 814 652 devexaque
829 559 902 627 latis

79 689 165 740 Arva
179 673 292 765 jacent
307 677 419 767 spatiis
435 703 442 743 :
459 692 575 744 contra
594 678 781 771 importuna
802 677 934 769 crepido

79 790 332 884 OEdipodioniae
351 794 467 862 domus
485 793 570 864 alitis
589 823 596 864 :
613 798 667 865 hic
688 797 752 864 fera
768 795 934 889 quondam

79 909 238 978 Pallentes
257 927 361 980 erecta
383 938 495 1006 genas,
514 914 699 1006 suffusaque
717 915 793 982 tabo

79 1029 238 1113 Lumina,
256 1033 417 1099 concretis
434 1032 567 1100 infando
585 1036 744 1126 sanguine
761 1033 880 1127 plumis

80 1147 257 1240 Relliquias
278 1149 426 1243 amplexa
444 1153 567 1238 virum,
587 1175 775 1247 semesaque
794 1155 889 1223 nudis

78 1268 269 1336 Pectoribus
288 1272 377 1337 stetit
398 1294 470 1338 ossa
490 1295 655 1362 premens,
676 1275 810 1365 visuque
826 1274 975 1341 frementi

80 1384 257 1455 Collustrat
273 1413 424 1483 campos,
444 1390 471 1457 si
487 1390 560 1481 quis
576 1415 773 1459 concurrere
790 1390 884 1458 dictis

79 1507 203 1597 Hospes
223 1507 436 1600 inexplicitis,
454 1523 511 1577 aut
530 1511 677 1576 cominus
694 1511 741 1578 ire
756 1512 861 1577 viator

79 1623 219 1707 Audeat,
238 1640 270 1692 et
286 1624 375 1693 durae
394 1630 587 1695 commercia
603 1629 739 1721 jungere
759 1626 888 1720 linguae.

79 1744 147 1811 Nec
166 1769 275 1830 mora,
293 1746 372 1837 quin
392 1769 512 1813 acuens
532 1762 658 1815 exertos
678 1750 827 1841 protinus
847 1772 988 1841 ungues,

79 1864 296 1952 Liventesque
314 1886 445 1948 manus,
466 1863 649 1955 fractosque
668 1866 702 1932 in
720 1864 854 1933 vulnere
873 1865 1002 1948 dentes3

77 1977 228 2046 Terribili
248 1977 407 2071 applausu
426 1980 549 2047 circum
567 1981 696 2074 hospita
715 1996 861 2075 surgeret
876 2007 943 2050 ora.
1035 1984 1040 1995 '

78 2100 121 2164 Et
138 2096 261 2163 latuere
281 2094 365 2180 doli,
385 2096 489 2166 donec
507 2097 548 2166 de
565 2123 646 2190 rupe
664 2113 815 2185 cruenta,

78 2212 167 2282 Heu!
189 2213 286 2282 simili
304 2214 463 2308 deprensa
481 2217 566 2300 viro,
583 2217 780 2284 cessantibus
796 2216 870 2303 alis,

80 2334 195 2401 Tristis
214 2330 409 2425 inexpletam
429 2331 571 2425 scopulis
588 2333 745 2426 affligeret
764 2325 883 2403 alvum.

80 2456 245 2521 Monstrat
263 2450 343 2519 silva
362 2450 470 2535 nefas,
489 2451 625 2519 horrent
643 2453 749 2520 vicina
763 2453 895 2544 juvenci

82 2573 254 2654 Gramina;
272 2569 433 2637 damnatis
451 2569 583 2638 avidum
600 2594 697 2663 pecus
715 2571 854 2639 abstinet
870 2571 988 2638 herbis.

80 2690 157 2756 Non
170 2687 342 2780 Dryadum
354 2685 460 2780 placet
474 2689 591 2756 umbra
603 2689 727 2774 choris,
742 2713 807 2755 non
822 2687 993 2755 commoda
1004 2690 1103 2754 sacris

81 2813 286 2892 Faunorum,
304 2806 447 2898 diraeque
464 2807 562 2875 etiarn
581 2806 693 2900 fugere
710 2803 858 2873 volucres

75 2925 265 3018 -Prodigiale
284 2949 409 2993 nemus.
428 2926 550 2992 Tacitis
567 2924 632 2991 huc
651 2922 812 3016 gressibus
829 2922 892 2988 acti

81 3045 269 3114 Deveniunt
288 3045 435 3138 peritura
454 3044 586 3122 cohors,
606 3042 796 3134 hostemque
815 3038 1007 3131 superbum,

81 3161 201 3231 Adnixi
215 3162 346 3254 jaculis,
364 3177 396 3232 et
412 3162 506 3230 humi
525 3162 630 3253 posita
647 3183 737 3226 arma
755 3172 901 3226 tenentes

81 3284 295 3374 Exspectant,
313 3281 477 3374 densaque
494 3303 610 3347 nemus
626 3277 766 3346 statione
781 3289 950 3344 coronant.

130 3403 282 3491 Coeperat
298 3401 448 3468 humenti
465 3398 624 3467 Pboebum
642 3395 812 3479 subtexere
828 3391 914 3488 palla

81 3520 171 3604 Nox,
192 3530 225 3585 et
244 3514 418 3586 coeruleam
436 3519 532 3586 terris
551 3514 714 3583 infuderat
730 3514 889 3582 umbram.

81 3635 140 3704 Ille
154 3633 400 3729 propinquabat
415 3633 517 3719 silvis,
535 3648 567 3702 et
583 3633 624 3701 ab
641 3657 758 3727 aggere
773 3631 858 3701 celso

82 3759 181 3823 Scuta
199 3756 322 3832 virum,
342 3749 514 3844 galeasque
532 3753 620 3821 videt
639 3752 774 3821 rutilare
792 3766 972 3833 comantes,

83 3872 162 3957 Qua
178 3869 288 3939 laxant
306 3871 386 3940 rami
406 3893 536 3956 nemus,
552 3870 750 3962 adversaque
768 3870 828 3938 sub
847 3870 963 3938 umbra

84 3988 269 4062 Flammeus
284 3991 389 4058 eratis
409 3991 510 4057 Lunae
527 4003 649 4058 tremor
664 4002 752 4057 errat
769 3990 801 4054 in
822 3990 930 4057 armis.
989 4062 994 4070 ,

908 4108 959 4186 td.
