2812 5258
56 391 171 459 ‹saa›
374 395 593 456 rnnsunos
613 395 724 454 nmen
747 397 812 453 vn.
1068 416 1107 471 9„

56 521 167 590 Cessit
185 547 193 590 ε
212 520 320 591 adhuc
338 523 420 617 ripis
438 525 608 593 animosus
626 546 747 619 gurges
764 520 920 617 anhelis,

56 638 267 713 Fulmineum
284 644 448 733 cinerem,
465 665 661 739 magnaque
678 645 821 741 insignia
843 664 947 738 poenae

56 760 210 850 Gaudet,
227 777 262 832 et
281 766 426 834 AEtnaeos
445 766 480 834 in
498 764 618 834 coelum
636 763 752 834 efflare
768 786 919 859 vapores.

104 881 251 955 «Talem
266 885 415 958 Cadmeo
428 887 625 957 mirabimur
642 892 774 984 Hypsea
793 907 931 981 campo,

54 1002 89 1071 Si
107 1005 207 1076 modo
222 1006 367 1101 placavit
386 1008 464 1078 felix
484 1009 605 1105 AEgina
620 1011 819 1078 Tonantem.

104 1155 121 1190 a
135 1129 240 1198 Ducit
256 1128 423 1201 Ithonoeos
437 1144 471 1200 et
486 1128 728 1200 Alalcomenaea
742 1130 903 1199 Minervae

55 1250 215 1343 Agmina,
230 1275 315 1343 quos
332 1250 445 1338 Mide,
460 1274 544 1345 quos
559 1249 699 1327 humida
716 1249 864 1346 suggerit
878 1253 984 1333 Arne,

56 1367 175 1439 Aulida
194 1373 251 1465 qni
267 1373 468 1466 Graamque
484 1384 615 1457 serunt,
628 1369 819 1466 viridesque
834 1367 991 1454 Plataeas,

55 1495 98 1562 Et
116 1490 209 1562 sulco
226 1495 372 1562 Peteona
387 1491 541 1580 domant,
556 1492 762 1588 refluumque
781 1503 893 1560 meatu

54 1614 240 1707 Euripum,
262 1638 329 1708 qua
351 1628 462 1684 noster
483 1614 569 1702 abit,
591 1628 690 1709 teque
710 1612 829 1684 ultima
849 1623 962 1696 tractu

53 1734 253 1824 Anthedon,
275 1735 332 1804 ubi
351 1737 524 1832 gramineo
544 1736 585 1806 de
605 1735 703 1806 litore
717 1734 866 1807 Glaucus

54 1859 232 1928 Poscentes
252 1858 376 1953 irrupit
394 1881 515 1952 aquas,
532 1858 601 1950 jam
619 1858 712 1926 crine
731 1856 890 1951 genisque

51 1976 226 2065 Caerulus,
248 1993 282 2046 et
301 1979 421 2046 mixtos
442 1977 577 2070 expavit
595 1976 638 2042 ab
654 1976 792 2070 inguine
811 1977 928 2070 pisces.

52 2093 245 2167 Glandibus
264 2111 298 2165 ct
314 2110 402 2166 torta
422 2093 592 2193 Zephyros
610 2093 756 2165 incidere
773 2093 876 2164 funda

54 2220 167 2288 Cura:
184 2215 360 2312 Cydoneas
377 2217 553 2286 anteibunt
575 2239 654 2313 gesa
673 2216 821 2312 sagittas.

53 2341 104 2408 Tu
125 2361 261 2433 quoque
281 2336 477 2434 praclarum
497 2337 623 2426 forma,
642 2337 818 2434 Cephisse,
835 2335 978 2406 dedisses

55 2459 267 2546 Narcissum,
284 2458 340 2528 scd
360 2458 551 2553 Thespiacis
569 2458 640 2553 jam
657 2456 760 2554 pallet
776 2457 811 2526 in
831 2457 920 2554 agris

52 2580 146 2649 Trux
163 2604 248 2675 puer
266 2605 275 2647 t
292 2579 410 2649 orbata
428 2577 543 2648 florem
562 2594 658 2676 pater
673 2578 768 2650 alluit
785 2577 886 2648 unda.

104 2700 218 2790 «Quis
238 2700 299 2769 tibi
320 2699 489 2770 Pboebaeas
508 2700 615 2786 acies,
634 2712 845 2792 veteremque
862 2695 1014 2766 revolvat

52 2819 223 2892 Phocida?
242 2821 300 2916 qui
320 2823 499 2916 Panopen,
517 2818 576 2912 qui
593 2816 756 2904 Daulida,
775 2819 832 2910 qui
849 2816 1070 2910 Cyparisson,

54 2945 98 3013 Et
118 2938 239 3029 valles,
259 2940 433 3026 lebadea,
455 2954 547 3028 tuas,
567 2951 602 3008 et
617 2935 820 3033 Hyampolin
840 2938 910 3005 acri

54 3060 240 3132 Subnixam
258 3060 414 3156 scopulo,
432 3060 484 3131 vel
504 3060 562 3156 qui
581 3062 769 3130 Parnasson
790 3070 971 3151 utrumque

54 3187 123 3254 Aut
141 3184 306 3278 Cyrrhum
325 3185 449 3270 tauris,
468 3182 751 3277 Anemoriamqua
768 3177 947 3275 supinant,

52 3306 299 3399 Coryciumque
318 3303 457 3373 nemus?
475 3300 786 3403 propellentemque
803 3296 940 3372 Lilmnm
1020 3352 1025 3361 ·

54 3424 207 3520 Cephissi
228 3424 367 3521 glaciale
385 3439 506 3522 caput,
526 3450 595 3521 quo
614 3438 730 3495 suetus
745 3421 902 3497 anhelam

52 3550 156 3616 Ferre
173 3548 263 3615 sitim
278 3545 430 3642 Python,
449 3569 647 3640 amnemque
663 3558 817 3617 avertero
832 3559 948 3643 ponto.

58 3666 228 3740 Omnibus
248 3667 415 3738 immixtas
435 3692 522 3738 cono
540 3688 642 3763 super
661 3665 796 3764 adspice
812 3664 946 3757 lam,

58 3792 227 3880 Armaque
246 3783 295 3854 vel
311 3789 453 3882 Tityon,
471 3787 524 3859 rel
540 3786 650 3860 Delon
664 3786 839 3879 babentia,
857 3784 911 3858 rol
930 3812 1012 3882 quas

58 3910 126 3979 llic
144 3911 238 3978 Deus
256 3908 431 3980 innumera
450 3909 574 3981 laxavit
591 3909 680 3982 ende
699 3912 882 4005 pharetras.

102 4029 264 4124 «Iphitus
283 4054 359 4098 acer
378 4031 463 4125 agit,
486 4032 616 4126 genitor
634 4034 687 4100 cui
710 4054 818 4126 nuper
839 4029 995 4098 ademtus

924 4147 956 4215 7.
