2812 5258
300 459 354 520 166
601 449 811 507 THEBAIDOS
831 448 940 503 ultan
961 446 1011 501 lx.
1217 443 1332 506 (ms.)

297 578 488 680 Effirgium?
502 578 613 649 hacne
642 572 732 644 ultro
752 571 940 670 properasti
957 569 1000 639 ad
1025 563 1156 662 proelia,
1175 591 1259 636 saeve

300 712 347 776 Ac
362 699 544 773 miserande
562 694 665 793 puer?
679 690 782 765 cruda
798 693 863 764 heu
880 689 1067 784 festinaque
1083 690 1189 758 virtus

300 824 422 907 Suasit,
438 836 471 890 et
486 817 650 888 hortatrix
670 816 821 886 animosi*
832 811 937 909 gloria
953 810 1021 882 leti.

300 939 429 1012 Scilicet
448 953 625 1033 augustum
640 931 837 1030 jamdudum
856 933 1050 1027 urgentibus
1069 935 1164 1001 annis

301 1055 489 1130 Maenalium
505 1059 584 1145 tibi,
604 1081 721 1151 parve,
740 1054 870 1140 nemus,
888 1079 1013 1147 perque
1031 1068 1127 1121 antra
1147 1050 1292 1123 ferarum

301 1181 366 1249 Vix
381 1191 460 1246 tutae
476 1178 546 1245 sine
562 1191 666 1244 matre
684 1178 759 1260 vias,
778 1173 939 1245 silvestria
954 1176 1048 1268 cujus

301 1297 462 1369 Nondum
482 1295 547 1366 tela
566 1320 705 1390 procax,
720 1319 903 1389 arcumque
922 1292 1060 1388 implere
1078 1292 1218 1362 valebas.

303 1421 347 1487 Et
364 1442 454 1486 nuuc
469 1414 525 1484 illa
544 1439 634 1485 meas
652 1417 819 1509 ingentem
836 1413 964 1507 plangit
982 1412 1024 1481 ad
1041 1438 1114 1482 aras

303 1536 483 1622 Invidiam,
502 1534 682 1633 surdasque
699 1533 802 1620 sores,
818 1549 851 1602 et
868 1533 983 1607 limina
998 1532 1107 1603 lassat

247 1689 255 1695 ·
304 1659 355 1725 Tu
372 1654 484 1723 dulces
506 1651 619 1739 lituos,
640 1651 831 1746 ululataque
847 1651 962 1747 proelia
983 1652 1122 1747 gaudes,

305 1775 412 1862 Felix,
431 1789 465 1843 et
482 1775 608 1853 miserae
627 1789 754 1843 tantum
776 1775 923 1867 periture
943 1775 1106 1866 parenti.»

354 1897 407 1965 Ne
426 1909 534 1964 tamen
549 1908 696 1962 extremo
716 1893 837 1962 frustra
854 1894 1024 1962 morientis
1043 1895 1163 1964 honori

307 2013 462 2101 Alluerit,
481 2015 569 2082 venit
594 2015 628 2082 iu
649 2012 773 2082 medios
794 2011 936 2108 caligine
953 2013 1043 2084 fulva

308 2136 407 2227 Septa
427 2133 560 2228 globos,
574 2136 784 2228 primumque
801 2132 889 2204 leves
906 2132 1014 2204 furata
1030 2138 1164 2230 sagittas

308 2253 448 2323 Audacis
465 2268 559 2346 tergo
580 2255 693 2344 pueri,
710 2251 894 2322 coelcstibus
911 2253 1026 2346 implet

309 2374 455 2464 Coryton
475 2370 565 2456 telis,
582 2394 723 2462 quorum
741 2372 811 2438 sine
828 2374 990 2463 sauguine
1005 2373 1135 2445 nullum

309 2488 444 2586 Effugit.
467 2488 641 2558 Ambrosio
663 2502 742 2554 tuuc
758 2490 884 2582 spargit
904 2491 1054 2561 membra
1071 2492 1212 2586 liquore,

311 2609 444 2704 Spargit
461 2631 602 2702 equum,
620 2632 661 2677 ne
680 2631 747 2700 quo
766 2623 947 2679 temeretur
963 2609 1099 2681 vulnere
1115 2639 1236 2707 corpus

312 2731 398 2798 Ante
413 2752 544 2814 necem,
561 2741 744 2822 cantusque
761 2754 888 2820 sacros,
906 2747 939 2801 et
959 2735 1091 2803 conscia
1108 2736 1224 2803 miscet

312 2851 502 2935 Murmura,
523 2849 657 2918 secretis
676 2874 749 2942 quaa
764 2848 939 2921 Colchidas
958 2853 1028 2945 ipsa
1047 2855 1108 2923 sub
1125 2857 1229 2924 antris

315 2968 420 3034 Nocte
436 2965 547 3053 docet,
567 2983 795 3062 monstratque
812 2968 896 3038 feras
912 2974 1133 3062 quaerentibus
1156 2976 1284 3044 herbas.

362 3087 455 3153 Tunc
476 3111 554 3155 vero
570 3102 682 3173 exerto
700 3085 915 3156 circumvolat
933 3089 1050 3183 igneus
1069 3119 1164 3176 arcu,

314 3207 386 3275 Nec
403 3219 564 3275 semente
582 3207 681 3300 regit,
704 3206 832 3299 patriae,
852 3210 1050 3303 matrisque,
1069 3216 1185 3306 suique

313 3324 502 3409 Immemor,
520 3337 551 3391 et
573 3325 711 3391 nimium
729 3321 914 3395 coelestibus
933 3331 1039 3401 utitur
1057 3335 1166 3403 armis.

363 3443 411 3508 Ut
425 3440 496 3545 leo,
515 3442 568 3509 cui
585 3466 687 3535 parvo
706 3432 811 3512 mater
826 3444 1132 3536 Gaetula,crue'ntos

316 3561 470 3652 suggerit
489 3561 559 3653 ipsa
578 3560 682 3646 cibos,
699 3586 803 3655 quum
823 3566 970 3659 primum
991 3594 1136 3640 crescere
1152 3576 1252 3644 sensit

316 3677 410 3747 Colla
422 3678 530 3772 jubis,
551 3693 731 3772 torvusque
750 3707 854 3753 novos
874 3689 1014 3780 respexit
1030 3688 1073 3758 ad
1091 3716 1236 3787 ungues,

194 3904 197 3908 Δ
317 3796 515 3891 Indignatur
534 3797 594 3880 ali,
613 3798 811 3897 tandemque
829 3806 952 3876 effusus
970 3824 1102 3902 apertos

318 3916 417 3985 Liber
432 3931 520 3986 amat
539 3942 689 4012 campos,
705 3935 738 3989 et
757 3926 861 3994 nescit
879 3925 914 3994 in
933 3943 1028 3998 antra
1047 3933 1178 4004 reverti.

365 4039 474 4125 Quos,
489 4063 563 4134 age,
588 4040 764 4111 Parrhasio
783 4045 918 4133 sternis,
935 4074 1018 4142 puer
1042 4051 1207 4147 improbe,
1229 4054 1353 4123 cornu?
