2812 5258
61 419 159 482 (aas.)
371 416 585 473 mammos
609 416 717 471 ursan
739 416 804 469 vn.
1062 413 1099 488 s9

61 547 197 612 Sternet
212 541 305 610 humi
325 539 484 636 populos,
501 542 724 633 miserumque
742 540 913 608 exhauriet
926 539 1050 608 orbem.

61 664 165 733 Nune
182 658 262 730 lenis
277 657 372 748 belli,
390 674 568 752 nostraque
586 660 767 728 remittitur
785 659 843 726 ira.

62 780 162 869 Quod
181 782 243 850 nisi
262 781 447 875 praecipitat
463 804 607 873 pugnas,
630 779 784 871 dictoque
799 778 944 870 jubentis

61 902 164 971 Ocius
181 901 335 994 impingit
355 901 462 992 Tyriis
480 902 598 967 Danaa
615 900 748 993 agmina
763 899 883 983 muris,

61 1018 119 1089 Nil
137 1019 289 1113 equidem
308 1019 442 1088 crudele
461 1021 590 1104 minor3
609 1020 652 1088 sit
670 1020 750 1086 mite
768 1017 968 1110 bonumque

61 1141 212 1228 Numen,
231 1155 265 1209 et
282 1139 399 1210 effreni
420 1139 573 1208 laxentur
594 1140 629 1206 in
645 1141 713 1206 otia
731 1163 849 1206 mores.

62 1258 194 1328 Reddat
213 1285 333 1353 equos,
351 1282 529 1350 ensemque
547 1258 648 1338 mihi,
668 1282 727 1325 nec
747 1258 915 1350 sanguinis
936 1256 1022 1326 ultra

61 1382 121 1448 Jus
140 1383 228 1448 erit:
247 1379 428 1472 adspiciam
446 1392 566 1467 terras,
588 1403 769 1472 pacemque
783 1378 909 1470 jubebo

62 1488 247 1584 Omnibus;
269 1501 401 1593 Ogygio
418 1513 469 1567 sat
484 1478 717 1568 erit'Tritonia
733 1497 829 1567 bello.
845 1529 861 1563 »

112 1622 264 1705 Dixerat,
282 1634 315 1687 et
330 1619 495 1689 Thracum
511 1617 680 1713 Cyllenius
696 1645 775 1689 arva
793 1620 947 1689 subibat:

62 1741 172 1832 Atque
190 1736 283 1807 illum
302 1742 433 1809 Arctoae
451 1739 615 1808 labentem
632 1740 767 1808 cardine
785 1755 890 1833 portae

61 1861 251 1951 Tempestas
270 1873 393 1926 aeterna
410 1856 532 1952 plagae,
551 1874 777 1952 praetentaque
792 1858 876 1926 coelo

62 1979 204 2070 Agmina
222 1976 427 2062 nimborum,
445 1978 610 2070 primique
630 1977 800 2070 Aquilonis
818 1978 928 2046 hiatus

62 2100 105 2164 In
123 2095 253 2164 diversa
274 2096 407 2165 ferunt:
427 2111 539 2190 crepat
556 2123 652 2167 aures
668 2098 828 2192 grandine
843 2097 946 2167 multa

63 2213 171 2300 Palla,
189 2240 249 2283 nec
266 2214 400 2284 Arcadii
421 2215 505 2285 bene
523 2219 666 2311 protegit
683 2218 801 2286 umbra
822 2218 932 2313 galeri.

112 2336 176 2402 Hie
195 2334 320 2403 steriles
338 2333 476 2404 delubra
494 2352 587 2405 notat
605 2339 771 2405 Mavortia
787 2338 899 2419 silvas,

64 2455 298 2546 Horrescitque
319 2469 429 2541 tuens3
448 2455 505 2524 ubi
526 2455 615 2525 mille
638 2456 805 2526 furoribus
822 2456 869 2525 illi

65 2574 219 2668 Cingitur
238 2573 377 2642 adverso
393 2572 510 2643 domus
532 2577 750 2645 immansueta
769 2577 832 2645 sub
852 2581 976 2645 Haemo.

63 2697 180 2761 Ferrea
196 2717 360 2787 compago
379 2692 537 2779 laterum,
558 2695 646 2763 ferro
664 2711 756 2764 arcta
775 2709 927 2763 teruntur

63 2813 214 2899 Limina3
230 2813 359 2882 ferratis
378 2814 578 2881 incumbunt
598 2827 683 2881 tecta
702 2814 875 2882 columnis.

63 2931 212 3001 Laeditur
232 2933 406 3001 adversum
424 2933 539 3001 Phoebi
555 2933 667 3024 jubar,
686 2935 822 3027 ipsaque
840 2933 952 3003 sedem

64 3055 139 3121 Lux
157 3054 266 3140 timet,
287 3067 320 3121 et
338 3052 431 3122 dirus
449 3054 625 3123 contristat
642 3053 748 3122 sidera
767 3053 887 3149 fulgor.

92 3236 93 3239 ,
111 3175 223 3268 Digna
240 3171 316 3243 loco
338 3177 434 3243 statio
450 3178 588 3271 :primis
608 3175 682 3245 salit
698 3181 843 3269 Impetus
862 3200 974 3244 amens

66 3297 94 3362 E
112 3293 258 3381 foribus,
276 3319 467 3387 caecumque
485 3296 602 3383 Nefas,
621 3297 748 3388 Iraeque
768 3296 938 3381 rubentes,

64 3416 319 3509 Exsanguesque
334 3418 463 3500 Metus;
484 3415 687 3509 occultisque
706 3417 837 3485 ensibus
857 3416 988 3485 adstant

64 3533 213 3618 Insidiae,
233 3536 468 3628 geminumque
489 3549 602 3604 tenens
619 3536 794 3605 Discordia
810 3537 943 3604 serrum.

64 3654 252 3721 Innumeris
271 3656 388 3749 strepit
408 3654 485 3724 aula
500 3657 603 3724 Minis
620 3683 628 3724 :
647 3658 832 3725 tristissima
849 3658 964 3724 Virtus

64 3773 139 3840 Stat
156 3769 280 3858 medio,
298 3769 457 3868 laetusque
475 3779 600 3861 Furor3
620 3775 781 3868 vultuque
796 3790 934 3843 cruento

65 3893 160 3959 Mors
180 3905 305 3958 armata
323 3893 414 3962 sedet
431 3921 439 3962 :
454 3894 619 3965 bellorum
637 3894 725 3963 solus
743 3897 775 3963 in
794 3896 859 3963 aris

68 4011 228 4106 Sanguis,
246 4027 280 4079 et
298 4006 438 4083 incensis
457 4016 514 4107 qui
535 4031 651 4111 raptus
667 4016 707 4082 ab
726 4015 863 4083 urbibus
884 4016 979 4108 ignis.
