2774 5256
290 391 322 446 m
600 383 819 442 THEBMDOS
842 381 956 438 LIBER
980 379 1030 433 IV.
1224 379 1350 443 (ιω.)

286 519 389 584 'ferra
407 514 522 600 sacris,
542 510 715 604 multoque
733 507 867 604 placent
884 504 954 577 sola
971 507 1109 601 pinguia
1126 505 1225 601 tabo)

287 632 428 703 Velleris
447 632 581 702 obscuri
599 629 743 726 pecudes
762 644 981 721 armentaque
1001 627 1071 696 sisti

287 762 371 826 Atra
391 768 524 823 monet:
543 775 752 846 quaecunque
769 736 909 845 gregum
926 746 1155 844 pulcherrima
1174 773 1305 821 cervis

287 876 434 947 Ducitur
453 873 643 968 :ingemuit
663 872 784 957 Dirce,
807 884 1009 962 moestusque
1030 869 1222 955 Citheron,

289 1003 331 1068 Et
348 1020 435 1066 nova
450 993 603 1065 clamosae
621 1008 779 1087 stupuere
795 991 926 1061 silentia
942 987 1053 1061 valles.

336 1121 425 1186 Tum
444 1116 514 1184 fera
531 1110 685 1183 coeruleis
703 1113 822 1181 intexit
837 1135 964 1180 cornua
978 1111 1075 1179 sertis

288 1241 364 1331 Ipse
382 1260 485 1305 manu
506 1227 672 1322 tractans,
690 1247 842 1326 notaeque
860 1234 895 1300 in
912 1229 1026 1300 limine
1042 1227 1133 1299 silum

289 1358 459 1451 Principio
477 1353 589 1449 largos
608 1355 724 1423 novies
745 1351 864 1423 tellure
881 1367 996 1422 cavata

291 1477 434 1549 Inclinat
455 1476 576 1546 Bacchi
593 1473 721 1561 latices,
740 1488 774 1542 et
793 1498 933 1542 munera
952 1475 1046 1543 verni

290 1600 419 1686 Laetis,
438 1613 472 1666 et
486 1599 615 1667 Actaeos
637 1595 782 1681 imbres,
802 1593 1011 1688 suadumque
1028 1612 1184 1664 cruorem

291 1720 447 1788 Manibus
467 1744 474 1786 :
494 1717 681 1812 aggeritur,
703 1729 868 1809 quantum
888 1715 974 1784 bibit
995 1715 1086 1786 arida
1106 1713 1214 1786 tellus,

338 1844 473 1909 Trunca
491 1837 613 1907 debinc
625 1860 764 1906 nemora·
780 1835 945 1925 advolvit,
966 1851 1167 1931 moestusque
1180 1837 1335 1909 sacerdos

291 1963 374 2028 Tres
393 1963 545 2046 Hecatae,
565 1955 772 2049 totidemque
791 1958 870 2026 satis
889 1957 1077 2027 Acheronte
1096 1955 1224 2027 nefasto

298 2079 489 2175 Virginibus
503 2078 599 2171 jubet
616 2101 687 2145 esse
705 2076 796 2146 focos
815 2102 822 2145 :
845 2077 921 2163 tibi,
937 2094 1049 2148 rector
1063 2078 1212 2168 Averni,

294 2204 496 2292 Quanquam
507 2197 651 2266 infossus
667 2198 788 2286 humo,
804 2215 940 2293 superat
956 2214 1066 2270 tamen
1077 2224 1181 2296 agger
1195 2198 1231 2279 in
1243 2226 1336 2271 auras

296 2321 417 2388 Pineus
439 2344 446 2385 :
467 2318 558 2386 bunc
575 2319 670 2411 juxta
687 2316 823 2387 cumulo
841 2320 952 2389 minor
968 2346 1025 2390 ara
1041 2320 1216 2416 profundae

295 2438 447 2532 Erigitur
465 2438 602 2506 Cereri:
622 2437 774 2533 frondes,
794 2455 896 2532 atque
912 2465 1011 2510 omne
1029 2466 1205 2538 cupressus

295 2559 419 2626 Interit
438 2554 567 2651 plorata
588 2555 684 2625 latus.
704 2561 845 2654 Jamque
863 2561 966 2631 ardua
984 2562 1072 2631 ferro

296 2679 424 2773 Signati
445 2677 554 2771 capita
571 2692 606 2746 et
623 2676 760 2772 frugum
775 2679 933 2750 libamine
952 2708 1037 2777 puro

297 2799 337 2867 ln
358 2796 479 2866 vulnus
497 2797 645 2895 cecidere
663 2824 801 2895 greges:
820 2817 902 2871 tunc
920 2803 1046 2872 innuba
1062 2807 1181 2875 Manto

297 2922 482 3012 Exceptum
501 2921 622 3012 pateris
644 2919 795 3013 praelibat
810 2924 1026 3017 sanguinem,
1044 2940 1078 2993 et
1099 2951 1215 2997 omnes

298 3041 363 3106 Ter
379 3040 505 3106 circum
527 3053 600 3105 acta
618 3063 735 3132 pyras,
757 3045 860 3110 sancti
878 3043 919 3111 de
935 3068 1026 3113 more
1044 3044 1206 3139 parentis,

298 3159 484 3226 Semineces
501 3156 601 3226 fibras
619 3173 652 3226 et
671 3159 780 3229 adhuc
797 3163 957 3255 spirantia
975 3165 1085 3233 reddit

299 3277 460 3345 Viscera:
478 3302 538 3345 nec
558 3277 690 3371 rapidas
708 3295 885 3349 cunctatur
899 3282 1072 3354 frondibus
1088 3296 1169 3357 atris

300 3394 490 3486 subjectare
507 3394 592 3463 faces
609 3421 617 3462 :
636 3411 737 3489 atque
748 3400 817 3492 ipse
834 3405 985 3472 sonantia
1002 3405 1144 3476 flammis
1170 3470 1175 3479 .

299 3512 456 3606 Virgulta
475 3527 508 3581 et
528 3514 639 3582 tristes
658 3518 824 3609 crepuisse
845 3536 882 3587 ut
899 3525 1001 3591 sensit
1020 3551 1155 3597 acervos

272 3635 278 3641 “
299 3633 440 3701 Tiresias
460 3630 522 3726 (illi
541 3656 618 3700 narn
639 3616 802 3726 plurimus
819 3638 920 3709 ardor
937 3644 1072 3729 anhelat

299 3758 386 3822 Ante
405 3776 519 3847 genas,
541 3749 720 3846 impletque
736 3780 832 3825 cavos
853 3784 956 3856 vapor
973 3766 1088 3858 ignens
1106 3769 1222 3863 orbes)

299 3872 490 3942 Exclamat:
505 3871 685 3965 (tremuere
702 3876 794 3968 rogi,
812 3892 846 3945 et
864 3905 927 3949 vox
949 3883 1082 3978 impulit
1097 3889 1209 3982 ignem
1224 3890 1255 3985 ε)

348 3996 534 4062 «Tartarea
551 3992 664 4080 sedes,
685 4008 718 4062 et
736 3994 944 4068 formidabile
964 4027 1103 4098 regnum
