2812 5258
71 416 185 478 (nbat.)
329 479 331 483 y
392 411 606 468 THEBAlDos
629 412 738 468 uultu
759 414 808 469 vl.
1068 417 1104 484 67

71 538 139 607 Sed
152 541 306 632 juvenem
325 534 416 604 dure
432 536 656 629 prohibebant
674 536 798 606 discere
816 540 936 607 Parcae.

92 694 95 701 ν
119 655 277 726 OEbalios
298 654 447 725 sublimis
466 658 535 750 agit
555 681 627 750 spes
649 657 799 749 proxima
818 655 934 749 palmas

69 776 292 869 Amphiaraus
309 799 411 868 equos
433 802 440 844 :
462 790 519 845 tua
538 776 628 845 furto
648 774 738 870 lapsa
759 800 928 871 propago,

70 892 217 990 Cyllarc,
238 895 318 966 dum
337 896 481 990 Scythici
502 895 650 967 diversus
670 896 712 965 ad
730 898 816 965 ostia
836 898 930 989 ponti

69 1017 189 1086 Castor
205 1015 385 1109 Amyclaeas
403 1040 495 1084 remo
514 1031 680 1110 permutat
698 1017 852 1086 habenas.

69 1138 145 1230 lpse
162 1137 277 1205 habitu
295 1138 410 1205 niveus
428 1162 436 1203 :
456 1137 543 1205 nivei
561 1135 642 1204 dant
659 1134 745 1207 colla
758 1135 886 1231 jugales
904 1163 912 1203 ε

70 1253 237 1326 Concolor
251 1269 302 1324 cst
316 1253 400 1323 albis
415 1268 449 1323 et
465 1255 563 1324 cassis
579 1269 611 1324 et
628 1254 732 1325 infula
748 1257 865 1325 cristis.

117 1377 211 1465 Quin
228 1391 263 1444 et
278 1371 473 1445 Thessalicis
492 1372 567 1443 felix
589 1374 747 1444 Admetus
764 1375 806 1445 ab
821 1377 888 1447 oris

69 1497 136 1565 Vix
154 1494 283 1565 steriles
298 1495 477 1588 compescit
494 1518 613 1588 equas3
630 1496 829 1566 Centaurica
847 1495 961 1565 dicunt

68 1617 225 1685 Semina:
245 1614 359 1701 credo,
376 1614 459 1684 adeo
476 1639 588 1684 sexum
607 1613 837 1710 indignantur,
855 1630 888 1685 et
903 1618 1010 1685 omnis

68 1737 109 1802 Iu
126 1735 212 1802 vires
228 1733 371 1804 adducta
386 1737 500 1804 Venus
518 1760 525 1801 :
543 1749 757 1827 noctemque,
774 1734 928 1827 diemque

68 1852 286 1938 assimulant,
305 1851 442 1921 maculis
463 1854 857 1947 internigrantibus-albe
877 1882 885 1922 :

66 1977 195 2042 Tantus
214 1985 352 2063 uterque
373 1968 480 2056 color,
499 1970 590 2040 credi
608 1996 669 2040 nec
686 1971 827 2067 degener
845 1972 902 2043 illo

68 2095 123 2160 De
140 2113 241 2185 grege
257 2087 426 2175 Castalia,
445 2080 573 2183 stupuit
591 2093 648 2184 qui
666 2090 762 2161 sibila
777 2117 890 2162 canuae

67 2215 196 2298 Laetus,
218 2225 251 2277 et
273 2209 387 2279 audito
404 2212 579 2280 contemsit
596 2209 750 2305 Apolline
765 2214 866 2306 pasci.

115 2334 200 2400 Ecce
217 2347 250 2399 ct
269 2325 432 2399 Iasonidae
446 2331 603 2422 juvenes,
624 2355 711 2399 nova
726 2331 834 2426 gloria
851 2335 965 2403 matris

68 2448 280 2546 Hypsipyles,
299 2450 428 2519 subiere
443 2450 544 2546 jugo,
561 2475 628 2543 quo
645 2466 759 2522 vectus
776 2466 925 2548 uterque.

68 2572 198 2642 Nomen
217 2594 280 2640 avo
301 2569 421 2665 gentile
438 2570 567 2655 Thoas,
584 2587 685 2666 atque
702 2575 813 2644 omine
829 2573 936 2644 dictus

68 2694 200 2762 Euneos
217 2695 330 2787 Argoo
347 2716 355 2759 ε
375 2691 514 2787 geminis
529 2692 645 2761 eadem
661 2695 789 2780 omnia,
806 2693 936 2775 vultus,

67 2814 210 2899 Currus,
232 2813 328 2906 equi,
349 2806 476 2899 vestes,
493 2827 606 2906 paret
625 2811 801 2880 concordia
819 2813 906 2897 voti;

67 2932 228 3018 Vincere,
248 2930 299 2999 vel
318 2929 389 2999 solo
408 2932 549 3024 cupiunt
568 2955 589 2998 a
608 2929 711 2998 fratre
728 2929 880 3024 relinqui.

67 3053 99 3120 lt
109 3051 280 3138 Chromis,
292 3049 605 3145 Hippodamusque,
617 3049 701 3120 alter
714 3065 803 3119 satus
812 3048 956 3121 Hercule
964 3073 1103 3146 magno,

67 3168 161 3240 Alter
176 3171 218 3238 ab
236 3173 414 3240 OEnomao
432 3196 439 3237 :
461 3171 607 3258 dubites,
623 3184 699 3239 uter
714 3169 814 3240 effera
830 3187 955 3265 presset
1134 3187 1137 3193 '

69 3291 174 3359 Frena
190 3291 305 3386 magis.
325 3290 440 3360 Getici
451 3314 553 3384 pecus
569 3290 624 3358 hic
640 3288 829 3377 Diomedis;
845 3305 880 3358 at
896 3288 950 3358 ille

66 3410 161 3478 Puaei
176 3411 259 3505 juga
276 3410 381 3505 patris
399 3409 516 3492 habct;
535 3407 724 3479 crudelibus
740 3409 839 3479 ambo

66 3530 220 3617 Exuviis,
238 3529 379 3623 diroque
395 3529 514 3598 imbuti
531 3531 693 3628 sanguiue
709 3553 836 3599 currus.

114 3650 282 3717 Metamm
298 3652 403 3720 instar
417 3664 488 3722 erat
502 3650 581 3719 hinc
597 3649 689 3719 nudo
704 3650 825 3719 roboae
843 3674 999 3743 quercus,

66 3768 159 3840 Olim
174 3792 288 3838 omnes
304 3785 403 3840 exuta
418 3793 547 3859 comm,
565 3771 644 3841 hinc
659 3795 775 3840 saxeus
792 3771 893 3840 umbo

66 3888 203 3959 Arbiter
219 3888 369 3984 agricolis
386 3916 395 3960 t
411 3891 510 3962 finem
527 3893 615 3986 jacet
631 3893 719 3961 inter
735 3906 926 3983 utrumque,

65 4007 176 4100 Quale
192 4025 311 4105 quater
323 4012 436 4105 jaculo
454 4012 617 4107 spatium,
639 4027 689 4081 ter
705 4010 869 4080 arundine
886 4010 1010 4078 vincas.

674 4117 678 4128 ’
925 4124 957 4192 5.
