2812 5258
187 415 243 483 att.
484 416 694 470 Taassslnos
715 416 825 469 Lfflssu
846 415 914 470 ΧΠ.
1105 413 1139 474 (v.
1154 414 1229 475 sas.)

186 545 259 609 Jam
278 564 400 634 prope,
415 540 484 632 jam
502 537 627 607 medios
645 541 776 632 operire
793 539 986 607 cohortibus
1004 561 1101 631 agros

188 662 397 755 Ingeminans
413 685 421 727 :
439 660 529 726 stetit
546 659 703 751 ambiguo
720 658 898 727 Thebanus
916 659 950 724 in
969 671 1050 726 aestu

187 784 373 865 Curarum,
389 792 574 871 nutantque
595 779 707 864 minse,
726 792 761 846 et
780 780 875 871 prior
892 781 942 847 ira
960 784 1110 873 tepescit.

233 904 327 969 Tunc
345 899 455 967 firmat
471 923 561 986 sese,
579 898 782 993 fictumque,
800 925 839 968 ac
857 901 951 968 triste
968 901 1148 971 renidens:

186 1022 364 1087 «Parvanc
379 1021 571 1113 prostratis,
587 1021 715 1112 inquit,
733 1019 934 1089 documenta
950 1023 1101 1114 Mycenis

185 1139 379 1209 sanximus?
395 1165 438 1209 cn
459 1142 600 1227 iterum,
620 1143 677 1233 qui
696 1143 816 1209 moenia
835 1157 949 1210 nostra
965 1140 1138 1213 lacessant

184 1262 373 1354 Accipimus
388 1286 397 1330 ε
415 1263 571 1346 veniant3
590 1260 648 1332 sed
668 1287 711 1330 ne
731 1278 807 1356 post
827 1260 912 1331 bella
930 1278 1124 1356 querantur.

183 1385 253 1450 Lex
273 1382 388 1451 eadem
410 1383 514 1450 victis.
533 1412 550 1446 n
567 1384 684 1450 Dixit:
699 1382 757 1451 sed
778 1382 914 1476 pulvere
931 1408 1042 1452 crasso

183 1500 335 1596 Caligare
352 1504 459 1587 diem,
474 1518 507 1570 et
523 1502 641 1596 Tyrios
655 1504 736 1596 juga
755 1503 892 1596 perdere
912 1519 1041 1573 montes

183 1622 331 1716 Adspicit
346 1651 355 1690 :
370 1625 493 1692 armari
510 1621 651 1717 populos
671 1638 796 1712 tamen,
816 1650 973 1718 armaque
992 1626 1068 1694 ferri

183 1747 256 1837 Ipse
274 1744 371 1836 jubet
388 1740 533 1837 pallens,
549 1742 733 1837 mediaeque
751 1749 785 1813 in
805 1744 938 1814 sedibus
956 1744 1040 1813 aulae

183 1862 384 1932 Eumenidas
402 1863 549 1950 subitas,
570 1863 771 1957 flentemque
788 1868 962 1934 Menoecea
978 1867 1084 1934 cernit

182 1981 365 2070 Turbidus,
381 1985 619 2078 impositosque
635 1986 724 2079 rogis
741 1984 885 2079 gaudere
901 1985 1065 2080 Pelasgos.

230 2091 315 2191 Quis
333 2103 394 2172 fuit
412 2102 467 2173 ille
482 2103 569 2192 dies,
589 2119 684 2173 tanto
702 2130 807 2199 quum
829 2107 993 2200 sanguine
1012 2106 1135 2174 Thebis

182 2225 250 2290 Pax
268 2224 402 2292 inventa
422 2223 530 2316 perit?
549 2225 665 2316 patriis
685 2225 784 2294 modo
804 2225 869 2293 lixa
887 2225 1052 2295 revellunt

181 2344 283 2409 Arma
303 2344 399 2427 Deis,
419 2341 608 2436 clypeisque
625 2341 798 2411 obducunt
816 2360 951 2436 pectora
970 2347 1102 2434 fractis,

182 2464 225 2531 Et
244 2460 353 2555 galeas
370 2460 526 2545 humiles,
537 2476 579 2528 et
599 2461 710 2529 adhuc
725 2462 892 2531 sordentia
910 2465 988 2532 tabo

184 2580 337 2677 Spicula:
353 2605 421 2649 non
435 2581 601 2676 pharetris
615 2582 808 2676 quisquam,
822 2607 981 2652 nonense
997 2583 1155 2675 decorus,

183 2705 261 2772 Non
278 2701 479 2796 spectandus
497 2726 605 2796 equo:
625 2705 722 2773 cessit
739 2704 860 2774 fiducia
876 2703 975 2774 valli:

182 2825 358 2891 Murorum
379 2838 472 2917 patet
493 2848 592 2893 omne
611 2822 717 2912 latus,
736 2826 918 2893 munimina
939 2842 1042 2918 portae

183 2947 375 3037 Exposcunt
391 2969 399 3010 ε
418 2945 509 3038 prior
526 2945 631 3013 hostis
648 2944 768 3013 habet:
785 2943 916 3038 fastigia
935 2944 1072 3032 desunt;

184 3065 315 3156 Dejecit
333 3066 534 3156 Capaneus:
552 3065 726 3157 exsanguis
741 3075 774 3130 et
790 3087 878 3155 aegra
892 3066 1049 3158 juventus

182 3188 254 3252 lam
272 3210 333 3252 nec
351 3185 563 3279 conjugibus,
580 3207 732 3278 suprema
750 3208 810 3253 nec
828 3185 943 3256 oscula
961 3190 1047 3256 natis

182 3307 316 3399 Jungit,
336 3321 369 3373 et
386 3307 520 3373 attoniti
540 3302 586 3373 nil
602 3318 759 3397 optavere
779 3324 957 3405 parentes.¹

232 3427 362 3494 Atticus
382 3439 416 3493 at
433 3440 567 3510 contra,
581 3424 682 3516 jubar
700 3440 738 3494 ut
756 3426 933 3497 clarescere
953 3432 1060 3522 ruptis

181 3543 355 3631 Nubibus,
374 3559 407 3612 et
426 3543 527 3613 solem
545 3544 661 3638 primis
682 3545 831 3640 adspexit
848 3551 883 3617 in
900 3552 1019 3637 armis,

182 3659 302 3731 Desilit
323 3665 357 3731 in
377 3687 549 3757 campum,
567 3669 625 3759 qui
644 3668 758 3737 subter
779 3671 899 3738 moenia
918 3670 1025 3740 nudos

182 3789 335 3852 Asservat
353 3809 490 3853 manes:
507 3785 651 3881 dirisque
671 3791 848 3883 vaporibus
868 3818 992 3886 aegium

182 3909 269 3972 Aera
290 3903 444 3997 pulverea
465 3910 597 4002 penitus
615 3911 677 3980 suh
698 3913 822 3981 casside
840 3906 963 3982 ducens

182 4028 344 4120 Ingemit,
362 4044 395 4096 et
411 4029 516 4121 justas
534 4031 609 4100 belli
629 4034 817 4102 flammatur
835 4037 868 4102 in
887 4036 960 4104 iras.
