2812 5258
287 374 323 431 aa
454 366 465 410 ¹·
614 365 825 425 menmnos
845 364 956 420 mann
978 366 1014 418 r.
1238 363 1271 427 (v.
1284 363 1335 424 n.)

287 492 411 579 Terra,
431 516 492 561 nec
510 491 564 560 illa
582 493 679 558 Samo
698 487 802 567 fama,
823 486 948 558 Delove
967 488 1097 557 sonanti

288 612 406 704 Pejor,
425 626 458 679 et
478 609 655 678 innumeris
673 631 756 701 quas
775 608 936 701 spumifer
956 606 1058 677 assilit
1078 610 1196 702 AEgon.

289 733 352 800 Dis
371 732 475 798 visum
494 725 627 795 turbare
646 727 789 796 domos:
810 753 872 797 nec
888 743 1022 822 pectora
1039 727 1137 821 culpa

290 853 412 922 Nostra
427 861 544 915 vacant
560 872 568 914 :
586 846 695 916 nullos
712 851 834 918 Veneri
851 851 1051 918 sacravimus
1068 850 1159 943 ignes
1178 876 1185 918 :

289 967 389 1039 Nulla
406 970 483 1037 Deae
501 965 595 1036 sedes
617 995 625 1036 :
647 983 758 1037 movet
776 984 809 1037 et
829 968 971 1037 coelestia
993 968 1162 1061 quondam

290 1087 399 1159 Corda
417 1085 531 1170 dolor,
550 1087 707 1182 lentoque
727 1092 878 1183 irrepunt
897 1092 1027 1184 agmine
1049 1093 1167 1158 Poena.

287 1188 290 1201 ¹
337 1204 424 1276 «Illa
442 1208 582 1302 Paphon
597 1224 742 1278 veterem
760 1225 959 1303 centumque
977 1206 1092 1276 altaria
1110 1205 1282 1301 linquens,

228 1369 233 1379 ·
289 1330 359 1401 Nec
374 1326 487 1417 vultu,
505 1356 566 1400 nec
584 1332 675 1398 crine
691 1333 802 1425 prior,
821 1331 956 1400 solvisse
968 1327 1113 1424 jugalem

288 1452 429 1536 Ceston,
449 1466 483 1519 et
501 1449 621 1518 Idalias
642 1449 757 1544 procul
779 1450 945 1545 ablegasse
965 1448 1113 1518 volucres

288 1573 408 1640 Fertur
425 1597 432 1636 ε
450 1583 546 1638 erant
562 1585 668 1656 certe,
687 1568 795 1637 media
811 1595 884 1662 quae
901 1571 1007 1637 noctis
1023 1571 1057 1637 in
1073 1568 1191 1637 umbra

288 1693 428 1779 Divum,
449 1689 529 1758 alios
549 1693 642 1784 ignes
662 1690 856 1783 majoraque
877 1688 940 1757 tela
961 1704 1149 1782 gerentem,

288 1815 462 1881 Tartareas
481 1812 568 1879 inter
587 1809 739 1879 thalamis
759 1808 910 1879 volitasse
929 1834 1059 1879 sorores

290 1932 476 2027 Vulgarent
494 1948 623 2026 :utque
641 1932 808 2027 implicitis
827 1956 946 2000 arcana
966 1930 1141 2001 domorum

290 2055 480 2148 Anguibus,
501 2069 534 2122 et
555 2079 639 2123 sceva
660 2053 836 2122 formidine
856 2068 977 2123 cuncta
996 2053 1135 2147 replevit

291 2177 437 2260 Limina,
460 2201 520 2244 nee
540 2175 597 2243 fidi
617 2174 777 2269 populum
798 2175 952 2243 miserata
969 2174 1096 2257 mariti3

291 2297 446 2365 Protinus
461 2321 481 2362 a
496 2299 622 2363 Lemno
639 2296 743 2362 teneri
762 2294 890 2387 fugistis
910 2297 1046 2361 Amores
1064 2317 1071 2357 :

291 2418 404 2485 Motus
423 2417 569 2506 Hymen,
590 2436 759 2506 versaeque
777 2412 882 2497 faces,
900 2427 933 2480 et
952 2409 1073 2505 frigida
1086 2410 1166 2502 justi

292 2539 382 2606 Cura
398 2535 461 2602 tori
479 2559 487 2601 ε
504 2531 602 2602 nullae
618 2531 759 2601 redeunt
773 2534 808 2600 in
824 2531 946 2626 gaudia
961 2546 1092 2617 noctes,

293 2654 414 2726 Nullus
431 2655 465 2722 in
480 2652 633 2749 amplexu
650 2677 751 2747 sopor
769 2667 819 2722 est
836 2679 843 2722 :
861 2652 939 2722 odia
955 2677 1070 2746 aspera
1085 2652 1226 2746 ubique,

293 2779 337 2844 Et
357 2779 484 2863 Furor,
504 2790 537 2843 ct
556 2774 666 2843 medio
687 2775 823 2844 recubat
842 2773 1017 2844 Discordia
1034 2772 1129 2842 lecto.

293 2901 385 2967 Cura
400 2897 479 2965 viris
496 2895 640 2966 tumidos
657 2896 793 2966 adversa
808 2897 953 2965 Thracas
970 2897 1005 2962 in
1023 2918 1081 2962 ora

294 3020 441 3105 Eruere,
461 3032 494 3085 et
510 3042 629 3085 saevam
649 3016 802 3087 bellando
821 3017 972 3111 frangere
991 3031 1132 3110 gentem.

343 3139 553 3231 «Quumque
574 3136 691 3207 domus
710 3153 847 3225 contra,
867 3152 1054 3230 stantesque
1074 3137 1108 3203 in
1132 3133 1229 3201 litore
1250 3135 1335 3220 nati,

294 3254 433 3326 Dulcius
448 3258 583 3327 Edonas
599 3259 740 3341 hiemes,
756 3263 945 3351 Arctonque
962 3257 1153 3325 frementem

295 3376 472 3469 Excipere,
488 3391 546 3445 aut
561 3377 694 3446 taudem
713 3380 809 3446 tacita
825 3393 901 3472 post
917 3375 1033 3471 proelia
1050 3390 1146 3443 nocte

296 3499 491 3564 Fractorum
506 3496 631 3565 subitas
648 3513 834 3567 torrentum
851 3498 965 3567 audire
982 3499 1105 3565 ruinas.

346 3612 444 3684 elllae
466 3630 575 3685 autem
595 3619 704 3686 tristes
724 3618 825 3714 (nam
845 3645 897 3687 me
918 3634 997 3687 tunc
1017 3616 1120 3685 libera
1140 3616 1228 3683 curis

296 3736 497 3830 Virginitas,
516 3739 660 3831 annique
679 3738 820 3834 teguntl
841 3740 902 3807 sub
922 3753 1019 3807 nocte
1040 3736 1157 3829 dieque

296 3856 444 3926 Assiduis
464 3881 559 3952 aegrae
579 3856 750 3953 lacrymis,
772 3858 913 3928 solantia
932 3862 1070 3927 miscent

297 3974 489 4070 Colloquia,
507 3993 565 4047 aut
583 4004 703 4049 saevam
721 3996 871 4075 spectant
890 3996 981 4049 trans
999 4003 1134 4074 aequora
1151 3975 1314 4047 Thracen.
