2812 5258
536 431 732 495 ’mm
751 428 861 484 unna
888 432 934 487 Ν.
1144 427 1177 485 (ι.
1190 427 1259 483 aar.)

254 600 368 647 Νη..
395 582 612 655 μου.
628 572 665 624 tu
685 579 774 624 nunc
791 556 947 624 horrente
963 554 1024 623 sub
1043 567 1136 621 arcto

250 716 357 771 ua
376 692 493 759 ἰη-υ
505 676 638 773 quidus
655 677 765 769 quatis
785 679 908 746 Ismara
928 677 1059 770 thyrso,

240 824 509 897 'w
518 798 615 891 jubes
630 822 749 866 nemus
767 799 927 892 irreptare
944 799 1114 891 Lycurgo,

245 952 296 1003 un·
325 918 471 997 norb
484 922 640 1010 Gangen,
655 931 715 985 aut
728 916 872 986 claustra
886 917 1063 986 novissima
1078 915 1186 985 rubrae

240 1058 385 1121 {mma
401 1042 551 1130 Eonsque
569 1037 685 1106 domos
704 1038 866 1132 flagrante
885 1036 1056 1130 triumpho

234 1166 386 1239 m,
405 1170 465 1226 aut
480 1158 596 1225 Hermi
618 1157 658 1225 de
677 1156 824 1226 fontibus
843 1181 962 1226 aureus
980 1157 1057 1224 exis.

239 1304 273 1357 u
288 1302 343 1349 m
359 1274 547 1370 progenies,
568 1278 683 1369 positis
702 1276 878 1370 gentilibus
898 1278 998 1346 armis

228 1406 310 1493 Qu
327 1396 388 1464 tibi
406 1393 488 1463 festa
505 1393 593 1481 litat,
612 1394 751 1481 bellum,
769 1394 1011 1489 lacrymasque,
1029 1411 1235 1488 metumque,

226 1524 476 1613 [hgoatumque
495 1513 599 1599 nefas,
619 1515 731 1606 injusti
751 1539 889 1583 munera
908 1518 1017 1608 regni,

226 1635 401 1709 vendimus
420 1632 576 1699 :eternis
598 1632 709 1723 potius
731 1658 798 1718 me,
818 1632 961 1721 Bacche,
981 1636 1112 1726 pruinis

224 1764 330 1830 Trans
346 1770 379 1824 et
396 1755 583 1826 Amazoniis
600 1752 765 1825 ululatum
781 1761 955 1827 Caucason
972 1760 1072 1826 armis

225 1882 309 1949 Siste
321 1876 441 1961 serens,
454 1899 555 1968 quam
566 1892 715 1946 monstra
729 1877 852 1948 dueum
868 1879 1070 1974 stirpemque
1083 1879 1257 1972 profanam

223 1998 368 2090 Eloquar
390 2023 398 2064 :
418 2021 460 2065 en
477 2021 591 2091 urges;
611 1996 714 2068 alium
734 2001 810 2085 tibi,
831 2001 973 2086 Bacche,
991 2000 1135 2069 furorem

221 2119 337 2188 Juravi
360 2142 368 2185 ε
390 2117 512 2186 similes
529 2117 626 2187 video
642 2144 841 2189 concurrere
858 2135 971 2188 tauros
991 2146 998 2187 :

221 2237 315 2306 Idem
331 2237 493 2307 ambobus
509 2238 632 2321 honos,
652 2262 805 2330 unusque
821 2237 863 2305 ab
882 2239 1009 2329 origine
1022 2235 1181 2325 sanguis:

222 2355 334 2425 Ardua
354 2353 484 2423 collatis
503 2354 615 2421 obnixi
636 2378 762 2422 cernue
782 2355 920 2421 miscent

222 2472 416 2555 Frontibus,
434 2470 625 2563 alternaque
644 2485 753 2541 truces
769 2472 959 2540 moriuntur
976 2473 1009 2540 in
1030 2473 1087 2540 ira.

221 2595 272 2664 Tu
289 2593 398 2687 pejor,
417 2605 455 2659 tu
473 2588 551 2659 cede
569 2613 709 2676 nocens,
726 2593 784 2684 qui
802 2588 891 2660 solus
908 2594 997 2661 avita

221 2715 399 2797 Gramina,
418 2735 694 2805 communemque
713 2714 797 2807 petis
818 2710 995 2783 defendere
1014 2727 1171 2782 montem.

221 2834 273 2904 Ab
293 2833 403 2901 miseri
422 2827 565 2901 morum!
585 2829 714 2902 bellatis
732 2833 893 2928 sauguine
909 2847 1018 2919 tanto,

218 2958 265 3022 ‘Et
284 2952 387 3021 saltus
406 2951 475 3022 dux
491 2950 575 3022 alter
592 2953 728 3022 habet.»
748 2956 803 3022 Sic
820 2953 887 3022 sata
902 2952 1017 3048 gelatis

227 3072 396 3156 Vultibus‚
415 3087 447 3142 et
468 3074 599 3143 Baccho
615 3077 682 3166 jam
701 3073 907 3168 demigrante
923 3076 1058 3166 quievit.

272 3200 318 3263 At
337 3191 487 3288 trepidus
506 3209 673 3278 monstro,
689 3208 721 3260 et
737 3194 837 3261 variis
856 3195 1036 3262 terroribus
1053 3196 1176 3285 impar,

224 3315 379 3407 Longaevi
401 3338 459 3381 rex
477 3317 561 3383 vatis
580 3339 679 3408 opem
697 3313 913 3405 tenebrasque
932 3339 1063 3407 sagaces

220 3433 355 3500 Tiresiae
372 3432 453 3526 (qui
468 3458 540 3502 mos
559 3436 684 3502 incerta
701 3432 921 3527 paventibus)
937 3459 1023 3529 aeger

221 3544 376 3621 Consulit
396 3580 403 3620 :
425 3551 481 3622 ille
499 3557 589 3624 Deos
609 3578 676 3621 non
699 3552 790 3647 larga
809 3553 896 3622 caede
913 3555 1109 3647 juvencum,

223 3675 301 3741 Non
322 3671 424 3742 alacri
444 3698 569 3768 penna,
586 3689 645 3742 aut
663 3698 778 3741 verum
799 3674 1002 3765 spirantibus
1021 3678 1120 3761 extis,

222 3796 293 3863 Nec
314 3793 445 3887 tripode
464 3792 645 3887 implicito,
666 3794 876 3885 numerisque
895 3797 1108 3887 sequentibus
1130 3811 1239 3877 astra,

220 3918 248 3982 T
251 3917 354 3985 hurea
376 3939 438 3984 nec
457 3938 556 4007 supra
577 3915 736 3982 volitante
753 3911 868 3981 altaria
891 3914 998 4002 sumo,

221 4036 303 4105 Tum
324 4037 472 4130 penitus,
488 4034 580 4102 durae
599 4057 700 4127 quam
717 4037 831 4102 mortis
848 4033 952 4105 limite
971 4063 1086 4109 manes
