2812 5258
81 463 113 524 (r.
125 463 193 526 tra)
388 458 596 514 smarnos
615 456 723 511 LIBER
743 455 793 510 111.

81 587 279 677 Ominaque,
297 599 328 651 et
344 608 456 651 causas
474 579 557 651 coeio
573 580 699 649 deferre
716 577 855 647 latentes

80 706 292 799 Accipimus:
312 728 378 770 non
398 702 525 795 Cyrrha
542 704 650 769 Deum
671 699 858 793 promiserit
874 710 971 765 antro

80 825 228 904 Certius,
249 838 305 890 aut
324 821 455 892 frondes
475 819 557 889 lucis
573 844 654 912 quas
670 819 754 888 fama
775 816 927 887 Molossis

80 944 242 1012 Chaonias
260 944 407 1010 sonuisse
427 941 486 1008 tibi
504 966 512 1007 ε
532 938 608 1009 licet
627 940 737 1008 aridus
757 943 922 1007 Hammon

79 1060 243 1145 invideat,
261 1064 433 1154 Lyciaeque
451 1073 570 1151 parent
591 1058 790 1126 contendere
810 1073 933 1141 sortes,

79 1181 310 1273 Niliacumque
329 1205 447 1273 pecus,
465 1179 636 1270 patrioque
654 1176 786 1270 {equalis
805 1178 922 1245 honori

79 1303 270 1384 Branchus,
288 1316 320 1368 et
339 1299 473 1366 undosa·
491 1300 548 1391 qui
568 1299 709 1366 rusticus
729 1296 838 1367 accola
856 1300 935 1366 Pisae

80 1423 166 1487 Pana
188 1421 353 1512 Lycaonia
371 1432 570 1487 nocturnum
589 1417 723 1485 exaudit
741 1419 775 1486 in
796 1418 923 1486 umbra.

80 1539 190 1606 Ditior
206 1536 259 1604 iiic
278 1540 403 1621 animi,
419 1539 474 1605 cui
492 1551 545 1617 tu,
563 1539 701 1624 Dictaee,
721 1536 879 1606 secundas

80 1655 253 1750 impuleris
275 1656 465 1724 manifestus
482 1681 558 1725 aves
575 1681 583 1723 :
600 1658 721 1725 mirum
738 1656 842 1744 unde,
859 1658 915 1725 sed
934 1656 1012 1725 oiim

78 1779 141 1844 Hic
158 1777 266 1844 honor
284 1775 442 1842 alitibus:
461 1800 586 1868 supera
608 1801 665 1845 seu
686 1776 838 1845 conditor
855 1775 938 1845 aulae

80 1898 134 1963 Sic
154 1892 259 1978 dedit,
278 1894 418 1961 effusum
437 1895 546 1962 Chaos
560 1896 592 1962 in
615 1921 701 1964 nova
717 1899 840 1964 semina
856 1911 981 1981 texens,

80 2018 145 2083 Seu
163 2014 238 2105 quia
257 2027 404 2097 mutate,
420 2027 598 2105 nostraque
616 2015 657 2080 ab
678 2015 804 2108 origine
824 2018 925 2083 versis

80 2133 284 2226 Corporibus
303 2133 432 2200 subiere
449 2134 569 2217 Notos3
590 2158 646 2202 seu
663 2136 778 2228 purior
795 2137 878 2222 avis,

77 2261 299 2344 Amotumque
317 2252 423 2335 nefas,
440 2266 474 2319 et
493 2276 602 2320 rarum
621 2254 770 2322 insistere
786 2256 881 2323 terris

78 2375 164 2441 Vera
182 2371 327 2441 docent:
346 2372 406 2440 tibi
424 2396 550 2440 summe
566 2387 655 2441 sator
673 2389 834 2467 terraeque
851 2379 1039 2466 Deumque,

79 2494 168 2560 Scire
185 2493 260 2562 licet
278 2493 371 2561 :Nos
389 2491 550 2587 Argolicae
569 2494 749 2587 primordia
767 2519 905 2589 pugnae,

76 2616 327 2706 venturumque
346 2614 433 2680 sinas
452 2611 534 2681 coelo
552 2638 716 2706 praenosse
734 2613 906 2685 laborem?

78 2733 111 2799 si
130 2732 238 2819 datur,
252 2748 284 2800 et
301 2731 393 2799 duris
412 2731 501 2801 sedet
518 2733 587 2801 haec
608 2736 772 2802 sententia
791 2736 902 2802 Parcis

80 2848 211 2918 Solvere
226 2853 403 2921 Echionias
421 2854 557 2919 Lernaea
576 2852 712 2945 cuspide
731 2867 857 2946 portas,

78 2968 179 3060 Signa
194 2970 293 3059 feras,
310 2971 476 3063 laevusque
497 2985 589 3039 tones
608 2997 616 3038 ε
636 2986 717 3039 tunc
736 2974 842 3040 omnis
860 2973 895 3041 in
912 2976 1008 3042 astris

78 3090 246 3156 Consonet
261 3114 379 3159 arcana
394 3089 538 3159 volucris
555 3090 641 3158 bona
656 3115 828 3159 murmura
845 3090 967 3185 lingua.

77 3207 110 3272 Si
130 3206 297 3298 prohibes,
316 3209 370 3278 bic
387 3225 483 3279 necte
501 3233 609 3278 moras
625 3210 832 3304 :dextrisque
847 3211 1050 3306 profundum

75 3324 218 3394 Alitihus
234 3342 374 3418 praetexe
389 3330 516 3398 diem.»
533 3331 589 3399 Sic
607 3330 706 3416 fatus,
725 3345 758 3398 et
775 3328 842 3399 aito

75 3445 226 3512 Membra
242 3442 329 3512 locat
345 3449 478 3541 scopulo
496 3476 504 3519 :
524 3465 603 3519 tunc
620 3448 716 3544 plura
735 3451 913 3544 ignotaque
928 3453 1041 3548 jungit

75 3565 238 3650 Numina,
258 3578 291 3631 et
305 3564 454 3636 immensi
474 3570 597 3642 fruitur
613 3570 753 3666 caligine
773 3571 898 3640 mundi.

124 3686 301 3775 Postquam
319 3683 382 3750 rite
400 3682 458 3752 diu
471 3692 584 3779 partiti
601 3690 724 3779 sidera,
743 3706 878 3760 cunctas

75 3800 245 3895 Periegere
260 3803 394 3881 animis,
413 3802 580 3901 oculisque
601 3812 794 3903 sequacibus
815 3836 929 3899 auras,

73 3923 168 3988 Tunc
190 3922 427 4014 Amythaonius
447 3921 546 4019 longo
564 3944 639 4021 post
655 3944 804 4023 tempore
824 3946 931 4000 vates:

122 4043 269 4111 «Nonne
287 4042 351 4111 sub
366 4042 494 4113 excelso
514 4046 667 4137 spirantis
685 4048 788 4119 limite
805 4050 896 4137 coeli,
