2812 5258
313 486 366 551 ιμ’)
660 481 689 534 Ρ.
710 476 830 532 PUBLII
852 474 972 530 smn
1244 473 1277 534 (c.
1291 473 1346 536 δι.)

357 606 455 674 Disce
471 627 578 697 puer:
596 625 658 670 nec
675 602 762 668 enim
782 614 920 667 externo
940 596 1104 664 monitore
1124 594 1290 689 petendus

310 725 453 795 Virtutis
469 723 528 791 tibi
545 720 682 815 pulcher
697 743 790 788 amor
806 742 814 786 :
831 731 971 811 cognate
985 716 1149 783 ministret

312 849 401 914 Laus
417 843 554 910 animos.
572 839 656 910 Aliis
671 840 766 909 Decii
782 836 982 929 reducesque
997 831 1130 903 Camilli

312 967 556 1045 Monstrentur3
570 975 608 1030 tu
624 961 713 1028 disce
729 974 870 1053 patrem3
886 972 1093 1050 quantusque
1108 957 1298 1050 nigrantem

313 1080 482 1149 Fluctibus
502 1079 646 1149 occiduis
666 1079 816 1171 fessoque
834 1078 1022 1171 Hyperione
1039 1074 1168 1145 Thulen

318 1202 452 1268 lutrarit
471 1198 625 1267 mandata
644 1222 776 1292 gerens3
796 1211 1003 1291 quantusque
1024 1197 1168 1289 potentis

314 1318 409 1388 Mille
426 1319 521 1387 urbes
535 1319 620 1388 Asiae
637 1318 753 1385 sortito
769 1318 890 1384 rexerit
904 1339 1007 1401 anno,

316 1440 499 1532 Imperium
518 1438 682 1507 mulcente
702 1452 788 1530 toga.
805 1436 885 1505 Bibe
903 1434 982 1504 talio
998 1436 1110 1529 pronis

317 1559 460 1629 Auribus
479 1583 487 1625 τ
507 1559 576 1626 haec
595 1570 722 1625 certent
743 1556 802 1623 tibi
822 1554 999 1624 conciliare
1019 1556 1225 1650 propinqui:

252 1740 255 1745 Α
318 1681 397 1745 llaec
417 1678 538 1744 iterent
556 1676 691 1744 comites
710 1688 890 1768 praecepta,
910 1696 1069 1768 senesque
1088 1675 1225 1769 paterni.

367 1797 506 1886 Jamque
524 1793 605 1861 adeo
624 1791 750 1861 moliris
770 1794 846 1880 iter,
864 1817 925 1861 nec
945 1791 1055 1861 deside
1074 1816 1172 1887 passu

321 1918 375 1983 Ire
395 1937 513 2006 paras:
534 1910 683 1979 nondum'
702 1910 816 1980 validte
836 1912 895 1980 tibi
913 1914 1006 2006 signa
1022 1914 1168 2007 juvente

320 2036 486 2126 Irrepsere
504 2032 610 2124 genis,
627 2047 660 2100 et
677 2031 784 2100 adhuc
800 2031 900 2099 decor
917 2031 1046 2126 integer
1062 2033 1132 2101 aeri.

323 2154 394 2222 Nec
410 2151 540 2245 genitor
552 2151 664 2244 juxta,
683 2150 757 2218 fatis
775 2174 919 2242 namque
934 2151 1069 2219 haustus
1088 2150 1211 2244 iniquis

325 2270 454 2341 Occidit
469 2265 546 2337 heu!
566 2270 731 2362 geminum
749 2267 873 2361 prolem
891 2270 961 2336 sine
977 2269 1113 2361 praeside
1129 2267 1296 2364 linquens.

324 2391 396 2458 Nec
412 2387 526 2455 saltem
542 2389 663 2455 teneris
679 2402 805 2454 ostrum
822 2387 947 2479 puerile
964 2387 1092 2457 lacertis

327 2507 441 2593 Exuit,
458 2504 645 2597 albentique
661 2505 816 2574 humeros
833 2507 963 2575 induxit
981 2509 1114 2576 amictu.

329 2627 438 2713 Quem
457 2648 523 2692 non
544 2625 728 2716 corrumpit
746 2625 849 2717 pubes
866 2625 1003 2712 effrene,
1024 2646 1181 2720 novaeque

328 2745 477 2814 Libertas
496 2757 672 2836 properata
693 2742 793 2837 togae?
811 2769 872 2813 ceu
892 2747 999 2814 nescia
1019 2744 1108 2815 falcis

330 2862 420 2933 Silva
437 2887 548 2931 comas
569 2861 669 2950 tollit,
691 2862 902 2957 fructumque
921 2865 1064 2958 exspiret
1084 2867 1118 2934 in
1137 2847 1287 2937 umbrae.

330 2986 374 3052 At
396 2982 454 3049 tibi
473 2981 587 3049 Pieriae
609 2995 721 3050 tenero
739 2983 800 3051 sub
818 2998 950 3077 pectore
968 3008 1071 3071 curae,

331 3106 375 3171 Et
391 3100 512 3195 pudor,
530 3116 564 3169 et
582 3100 672 3169 docti
690 3099 796 3196 legem
813 3103 875 3170 sibi
895 3102 1002 3172 dicere
1022 3127 1145 3188 morem

331 3226 426 3291 Tunc
447 3220 559 3289 hilaris
579 3221 742 3314 probitas,
761 3234 794 3289 et
813 3221 904 3290 frons
924 3220 1117 3314 tranquilla,
1136 3222 1298 3316 nitorque

332 3341 487 3410 Luxuries
507 3340 635 3409 confine
655 3341 789 3426 timens,
809 3342 977 3434 pietasque
997 3364 1057 3433 per
1076 3364 1190 3411 omnes

333 3461 527 3553 Dispensata
546 3459 671 3528 modos.
692 3462 848 3552 AEquaevo
866 3457 981 3527 cedere
999 3459 1110 3550 fratri,

334 3578 514 3672 Mirarique
532 3592 676 3672 patrem,
694 3578 884 3668 misereque
903 3577 1073 3670 ignoscere
1092 3582 1207 3669 metri,

335 3696 517 3767 Admonuit
533 3697 667 3767 fortune
684 3696 810 3765 domus.
827 3695 945 3763 Tibine
966 3695 1021 3766 illa
1039 3697 1178 3767 nefanda

335 3815 472 3904 Pocula,
489 3817 665 3911 letalesque
683 3840 781 3885 manu
799 3836 998 3908 componere
1013 3842 1127 3888 succos

252 3975 257 3982 ·
336 3933 484 4023 Evaluit,
502 3938 559 4029 qui
574 3961 656 4008 voce
671 3949 764 4030 potes
779 3950 975 4026 prevertere
990 3962 1117 4008 morsus

339 4055 551 4148 Serpentum,
567 4071 667 4148 etque
681 4074 795 4122 omnes
809 4050 904 4123 vultu
919 4054 1050 4147 placere
1066 4054 1242 4128 novercas!
