2812 5258
90 491 201 550 (auat)
401 490 609 545 Tflunaluos
631 492 738 548 LIBER
759 497 793 549 11.
1055 492 1109 546 215

89 617 165 681 Haec
182 616 248 706 regi
267 616 439 707 promissa,
456 614 586 705 Cydon,
602 614 686 702 lraec,
705 619 842 707 Lampe,
859 615 1062 683 dabamusis

88 732 178 797 Dum
195 731 327 816 clamat,
344 733 433 800 subit
450 757 507 799 ore
523 755 603 800 cavo
619 733 813 801 Theumesia
832 756 967 818 cornus,

87 850 157 918 Nec
172 850 347 941 prohibent
362 850 470 918 fauces
489 875 496 915 :
513 864 611 941 atque
628 848 676 917 illi
693 874 772 918 voce
787 848 910 942 repleta

87 970 272 1062 Intercepta
292 983 382 1037 natat
402 982 562 1061 prorupto
581 969 615 1035 in
634 970 792 1062 sanguine
810 966 932 1061 lingua.

88 1087 201 1155 Stabat
217 1088 338 1170 adhuc,
357 1086 461 1155 donec
478 1089 665 1154 transmissa
683 1101 789 1155 morte
806 1112 865 1180 per
882 1101 973 1154 artus

87 1205 238 1290 labitur,
256 1207 474 1298 immorsaque
492 1205 610 1272 cadens
630 1206 798 1273 obmutuit
813 1205 915 1272 hasta.

135 1325 202 1391 Vos
220 1348 365 1417 quoque,
381 1324 587 1416 Thespiadae,
607 1348 667 1391 cur
686 1322 844 1392 infitiatus
862 1323 987 1391 honora

88 1444 256 1511 Arcuerim
274 1442 378 1511 fama?
393 1442 501 1511 fratris
518 1443 715 1512 moribunda
730 1442 859 1512 levabat

87 1560 236 1627 Membra
253 1560 322 1629 solo
339 1561 495 1654 Periphas
511 1559 580 1656 (nit
599 1560 710 1630 indole
725 1560 843 1630 clarius
860 1559 930 1645 illa,

87 1680 156 1748 Nec
175 1680 295 1771 pictate
313 1679 415 1771 fuit),
435 1678 514 1747 laeva
533 1682 708 1749 marcentia
727 1678 811 1748 colla

86 1797 291 1882 Sustentans,
311 1797 490 1889 dextraque
511 1796 595 1865 latus
618 1824 625 1865 :
645 1797 842 1893 singultibus
860 1813 988 1866 arctum

85 1916 248 1984 Exhaurit
263 1915 397 1983 thoraca
414 1914 508 1982 dolor
526 1941 534 1982 ε
552 1941 612 1984 nec
632 1917 737 1985 vincla
753 1932 904 1985 coercent

84 2032 272 2102 Uudantem
291 2032 369 2100 fletu
389 2032 529 2126 galeam,
551 2058 653 2126 quum
672 2032 776 2102 multa
794 2035 935 2127 gementi

84 2155 174 2220 Pone
191 2154 298 2244 gravis
315 2176 430 2219 curvas
448 2151 621 2246 perfringit
639 2150 749 2220 lancea
765 2168 880 2220 costas.

84 2273 159 2339 Exit
177 2285 209 2339 et
229 2273 262 2337 in
280 2270 429 2356 fratrem,
447 2285 651 2363 cognataque
665 2285 797 2364 pectora
812 2268 878 2339 telo
968 2299 971 2308 ⁴

84 2390 236 2457 Conserit
253 2414 261 2456 :
279 2383 333 2457 ille
345 2388 457 2457 oculos
471 2391 650 2457 etiamnum
663 2391 698 2457 in
710 2388 783 2458 luce
795 2404 943 2458 natantes

84 2509 189 2594 Sistit,
208 2523 241 2576 et
259 2507 410 2601 adspecta
430 2509 575 2599 germani
594 2522 715 2594 morte,
732 2506 874 2577 resolvit.

83 2631 126 2695 At
140 2629 193 2694 cui
210 2628 277 2694 vita
294 2651 420 2712 recens,
438 2641 471 2694 et
489 2626 596 2694 adhuc
616 2628 650 2694 in
669 2625 805 2695 vulnere
821 2629 906 2694 vires
925 2652 933 2692 ε

85 2749 178 2813 «Hos
199 2746 255 2813 tibi
273 2743 477 2838 complexus,
495 2746 563 2813 haec
581 2745 673 2834 dent,
692 2747 752 2831 ait,
772 2743 882 2812 oscula
902 2743 1008 2809 nati.»

84 2863 289 2933 Procubuere
306 2889 400 2959 pares
417 2863 506 2950 fatis,
523 2861 703 2931 miserabile
718 2877 830 2929 votum

84 2985 217 3069 Mortis,
234 2999 267 3052 et
284 2981 410 3052 alterna
427 2982 614 3051 clauserunt
630 2980 754 3050 lumina
773 2978 895 3048 dextra.

130 3104 281 3170 Protinus
299 3102 385 3170 idem
404 3101 491 3170 ultro
508 3099 618 3194 jaculo
637 3124 813 3193 parmaque
830 3102 1005 3167 Menoetem

83 3221 288 3288 Proterrebat
305 3246 419 3315 agens,
440 3219 576 3313 trepidis
593 3221 728 3313 vestigia
745 3233 832 3287 retro

82 3339 232 3406 Passibus
250 3356 435 3433 urgentem,
452 3339 556 3408 donec
576 3337 695 3407 defecit
714 3339 826 3430 iniqua

82 3460 208 3551 Lapsus
226 3460 342 3543 humo,
358 3461 544 3552 pariterque
561 3482 676 3525 manus
694 3456 867 3525 distractus
885 3458 918 3523 in
938 3453 1051 3523 ambas

81 3580 179 3664 Orat,
198 3594 230 3647 et
250 3604 269 3646 a
285 3576 402 3670 jugulo
421 3581 578 3647 nitentem
598 3579 735 3645 sustinet
755 3576 881 3644 hastam
903 3601 910 3642 :

129 3700 254 3765 «Parce
272 3721 331 3790 per
346 3696 404 3761 has
420 3695 518 3765 stellis
534 3695 803 3765 interlabentibus
820 3695 967 3776 umbras,

80 3817 143 3883 Per
160 3818 318 3908 Superos,
337 3827 530 3904 noctemque
547 3831 638 3884 tuam
657 3841 665 3882 ε
685 3817 770 3901 siue,
789 3815 893 3883 tristia
909 3811 1029 3880 Thebis

80 3935 225 4003 Nuntius
240 3947 314 4001 acta
330 3932 448 4015 seram,
465 3931 617 4026 vulgique
635 3959 694 4025 per
708 3959 767 4002 ora
782 3932 930 4025 paventis

79 4058 259 4121 Contemto
277 4068 309 4121 te
326 4077 403 4145 rege
418 4076 531 4119 canam
551 4078 558 4119 ε
578 4055 622 4119 sic
639 4054 731 4120 irrita
747 4051 841 4118 nobis
