<?xml version="1.0" encoding="UTF-8"?>
<!DOCTYPE html PUBLIC "-//W3C//DTD XHTML 1.0 Transitional//EN"
    "http://www.w3.org/TR/xhtml1/DTD/xhtml1-transitional.dtd">
<html xmlns="http://www.w3.org/1999/xhtml" xml:lang="en" lang="en">
 <head>
  <title>
</title>
<meta http-equiv="Content-Type" content="text/html;charset=utf-8" />
  <meta name='ocr-system' content='tesseract 3.04.00' />
  <meta name='ocr-capabilities' content='ocr_page ocr_carea ocr_par ocr_line ocrx_word'/>
</head>
<body>
  <div class='ocr_page' id='page_1' title='image "./publiipapiniist01statgoog_0078.png"; bbox 0 0 2812 5258; ppageno 0'>
   <div class='ocr_carea' id='block_1_1' title="bbox 195 419 855 478">
    <p class='ocr_par' dir='ltr' id='par_1_1' title="bbox 195 419 855 478">
     <span class='ocr_line' id='line_1_1' title="bbox 195 419 855 478; baseline -0.003 -3"><span class='ocrx_word' id='word_1_1' title='bbox 195 420 230 478; x_wconf 79' lang='lat'><strong>52</strong></span> <span class='ocrx_word' id='word_1_2' title='bbox 548 424 576 475; x_wconf 85' lang='lat' dir='ltr'><strong>P.</strong></span> <span class='ocrx_word' id='word_1_3' title='bbox 596 421 715 476; x_wconf 86' lang='lat' dir='ltr'>PUBLII</span> <span class='ocrx_word' id='word_1_4' title='bbox 736 419 855 475; x_wconf 80' lang='lat' dir='ltr'><strong>sTaTn</strong></span> 
     </span>
    </p>
   </div>
   <div class='ocr_carea' id='block_1_2' title="bbox 185 542 1215 2762">
    <p class='ocr_par' dir='ltr' id='par_1_2' title="bbox 185 542 1215 2762">
     <span class='ocr_line' id='line_1_2' title="bbox 193 542 944 633; baseline -0.008 -22"><span class='ocrx_word' id='word_1_5' title='bbox 193 542 299 628; x_wconf 85' lang='lat' dir='ltr'><strong>Sedis,</strong></span> <span class='ocrx_word' id='word_1_6' title='bbox 314 557 346 611; x_wconf 89' lang='lat' dir='ltr'><strong>et</strong></span> <span class='ocrx_word' id='word_1_7' title='bbox 362 542 459 610; x_wconf 83' lang='lat' dir='ltr'><strong>illaesa</strong></span> <span class='ocrx_word' id='word_1_8' title='bbox 473 544 604 610; x_wconf 88' lang='lat' dir='ltr'><strong>tutabor</strong></span> <span class='ocrx_word' id='word_1_9' title='bbox 619 557 792 633; x_wconf 86' lang='lat' dir='ltr'><strong>utramque</strong></span> <span class='ocrx_word' id='word_1_10' title='bbox 807 552 944 608; x_wconf 77' lang='lat' dir='ltr'><strong>senecta,</strong></span> 
     </span>
     <span class='ocr_line' id='line_1_3' title="bbox 192 656 1049 748; baseline -0.006 -19"><span class='ocrx_word' id='word_1_11' title='bbox 192 665 235 729; x_wconf 91' lang='lat' dir='ltr'><strong>Et</strong></span> <span class='ocrx_word' id='word_1_12' title='bbox 254 662 362 748; x_wconf 74' lang='lat' dir='ltr'><strong>iovis,</strong></span> <span class='ocrx_word' id='word_1_13' title='bbox 379 676 412 730; x_wconf 89' lang='lat' dir='ltr'><strong>et</strong></span> <span class='ocrx_word' id='word_1_14' title='bbox 428 662 540 729; x_wconf 88' lang='lat' dir='ltr'><strong>Phoebi</strong></span> <span class='ocrx_word' id='word_1_15' title='bbox 557 660 708 745; x_wconf 84' lang='lat' dir='ltr'><strong>frondes,</strong></span> <span class='ocrx_word' id='word_1_16' title='bbox 727 673 761 727; x_wconf 91' lang='lat' dir='ltr'><strong>et</strong></span> <span class='ocrx_word' id='word_1_17' title='bbox 775 656 917 726; x_wconf 87' lang='lat' dir='ltr'><strong>discolor</strong></span> <span class='ocrx_word' id='word_1_18' title='bbox 933 657 1049 724; x_wconf 88' lang='lat' dir='ltr'><strong>umbra</strong></span> 
     </span>
     <span class='ocr_line' id='line_1_4' title="bbox 191 776 1097 873; baseline -0.012 -24"><span class='ocrx_word' id='word_1_19' title='bbox 191 777 352 873; x_wconf 86' lang='lat' dir='ltr'><strong>Populus,</strong></span> <span class='ocrx_word' id='word_1_20' title='bbox 373 792 406 847; x_wconf 90' lang='lat' dir='ltr'><strong>et</strong></span> <span class='ocrx_word' id='word_1_21' title='bbox 421 793 537 847; x_wconf 79' lang='lat' dir='ltr'><strong>nostrae</strong></span> <span class='ocrx_word' id='word_1_22' title='bbox 555 791 707 870; x_wconf 85' lang='lat' dir='ltr'><strong>stupeant</strong></span> <span class='ocrx_word' id='word_1_23' title='bbox 723 790 778 844; x_wconf 90' lang='lat' dir='ltr'><strong>tua</strong></span> <span class='ocrx_word' id='word_1_24' title='bbox 793 776 941 870; x_wconf 87' lang='lat' dir='ltr'><strong>germina</strong></span> <span class='ocrx_word' id='word_1_25' title='bbox 958 778 1064 868; x_wconf 87' lang='lat' dir='ltr'><strong>pinus.</strong></span> <span class='ocrx_word' id='word_1_26' title='bbox 1080 804 1097 838; x_wconf 73' lang='lat' dir='ltr'><strong>o</strong></span> 
     </span>
     <span class='ocr_line' id='line_1_5' title="bbox 239 891 970 977; baseline -0.004 -13"><span class='ocrx_word' id='word_1_27' title='bbox 239 897 292 964; x_wconf 92' lang='lat' dir='ltr'><strong>Sic</strong></span> <span class='ocrx_word' id='word_1_28' title='bbox 307 898 362 964; x_wconf 91' lang='lat' dir='ltr'><strong>ait.</strong></span> <span class='ocrx_word' id='word_1_29' title='bbox 382 895 443 965; x_wconf 85' lang='lat' dir='ltr'><strong>Illa</strong></span> <span class='ocrx_word' id='word_1_30' title='bbox 463 898 524 964; x_wconf 93' lang='lat' dir='ltr'><strong>Dei</strong></span> <span class='ocrx_word' id='word_1_31' title='bbox 541 910 665 963; x_wconf 89' lang='lat' dir='ltr'><strong>veteres</strong></span> <span class='ocrx_word' id='word_1_32' title='bbox 682 895 809 962; x_wconf 88' lang='lat' dir='ltr'><strong>imitata</strong></span> <span class='ocrx_word' id='word_1_33' title='bbox 825 891 970 977; x_wconf 88' lang='lat' dir='ltr'><strong>calores,</strong></span> 
     </span>
     <span class='ocr_line' id='line_1_6' title="bbox 191 1011 938 1106; baseline -0.004 -25"><span class='ocrx_word' id='word_1_34' title='bbox 191 1014 355 1082; x_wconf 86' lang='lat' dir='ltr'>Uberibus</span> <span class='ocrx_word' id='word_1_35' title='bbox 371 1014 494 1106; x_wconf 83' lang='lat' dir='ltr'><strong>stagnis</strong></span> <span class='ocrx_word' id='word_1_36' title='bbox 511 1012 644 1105; x_wconf 90' lang='lat' dir='ltr'><strong>obliquo</strong></span> <span class='ocrx_word' id='word_1_37' title='bbox 661 1011 804 1106; x_wconf 88' lang='lat' dir='ltr'><strong>pendula</strong></span> <span class='ocrx_word' id='word_1_38' title='bbox 822 1026 938 1079; x_wconf 89' lang='lat' dir='ltr'><strong>trunco</strong></span> 
     </span>
     <span class='ocr_line' id='line_1_7' title="bbox 191 1127 1110 1224; baseline -0.004 -24"><span class='ocrx_word' id='word_1_39' title='bbox 191 1131 344 1218; x_wconf 78' lang='lat' dir='ltr'><strong>Incubet,</strong></span> <span class='ocrx_word' id='word_1_40' title='bbox 359 1146 457 1224; x_wconf 88' lang='lat' dir='ltr'><strong>atque</strong></span> <span class='ocrx_word' id='word_1_41' title='bbox 472 1131 596 1199; x_wconf 91' lang='lat' dir='ltr'><strong>umbris</strong></span> <span class='ocrx_word' id='word_1_42' title='bbox 615 1144 780 1199; x_wconf 89' lang='lat' dir='ltr'><strong>scrutatur</strong></span> <span class='ocrx_word' id='word_1_43' title='bbox 794 1130 980 1197; x_wconf 86' lang='lat' dir='ltr'><strong>amantibus</strong></span> <span class='ocrx_word' id='word_1_44' title='bbox 996 1127 1110 1196; x_wconf 86' lang='lat' dir='ltr'><strong>undas.</strong></span> 
     </span>
     <span class='ocr_line' id='line_1_8' title="bbox 190 1248 1071 1343; baseline -0.006 -26"><span class='ocrx_word' id='word_1_45' title='bbox 190 1252 306 1343; x_wconf 83' lang='lat' dir='ltr'><strong>Sperat</strong></span> <span class='ocrx_word' id='word_1_46' title='bbox 322 1265 354 1319; x_wconf 90' lang='lat' dir='ltr'><strong>et</strong></span> <span class='ocrx_word' id='word_1_47' title='bbox 367 1248 554 1343; x_wconf 82' lang='lat' dir='ltr'><strong>amplexus3</strong></span> <span class='ocrx_word' id='word_1_48' title='bbox 568 1248 625 1316; x_wconf 89' lang='lat' dir='ltr'><strong>sed</strong></span> <span class='ocrx_word' id='word_1_49' title='bbox 639 1271 800 1341; x_wconf 90' lang='lat' dir='ltr'><strong>aquarum</strong></span> <span class='ocrx_word' id='word_1_50' title='bbox 815 1248 949 1340; x_wconf 88' lang='lat' dir='ltr'><strong>spiritus</strong></span> <span class='ocrx_word' id='word_1_51' title='bbox 964 1260 1071 1325; x_wconf 88' lang='lat' dir='ltr'><strong>arcet,</strong></span> 
     </span>
     <span class='ocr_line' id='line_1_9' title="bbox 190 1365 1041 1462; baseline -0.006 -25"><span class='ocrx_word' id='word_1_52' title='bbox 190 1370 260 1437; x_wconf 89' lang='lat' dir='ltr'><strong>Nec</strong></span> <span class='ocrx_word' id='word_1_53' title='bbox 277 1370 400 1462; x_wconf 83' lang='lat' dir='ltr'><strong>patitur</strong></span> <span class='ocrx_word' id='word_1_54' title='bbox 415 1381 529 1436; x_wconf 88' lang='lat' dir='ltr'><strong>tactus.</strong></span> <span class='ocrx_word' id='word_1_55' title='bbox 544 1365 691 1435; x_wconf 85' lang='lat' dir='ltr'><strong>Tandem</strong></span> <span class='ocrx_word' id='word_1_56' title='bbox 710 1366 850 1434; x_wconf 88' lang='lat' dir='ltr'><strong>eluctata</strong></span> <span class='ocrx_word' id='word_1_57' title='bbox 867 1365 927 1433; x_wconf 89' lang='lat' dir='ltr'><strong>sub</strong></span> <span class='ocrx_word' id='word_1_58' title='bbox 947 1388 1041 1433; x_wconf 89' lang='lat' dir='ltr'><strong>auras</strong></span> 
     </span>
     <span class='ocr_line' id='line_1_10' title="bbox 189 1484 965 1577; baseline -0.003 -25"><span class='ocrx_word' id='word_1_59' title='bbox 189 1487 344 1554; x_wconf 87' lang='lat' dir='ltr'><strong>Libratur</strong></span> <span class='ocrx_word' id='word_1_60' title='bbox 365 1485 482 1572; x_wconf 88' lang='lat' dir='ltr'><strong>fundo,</strong></span> <span class='ocrx_word' id='word_1_61' title='bbox 498 1510 674 1577; x_wconf 84' lang='lat' dir='ltr'><strong>rursusque</strong></span> <span class='ocrx_word' id='word_1_62' title='bbox 690 1484 793 1553; x_wconf 89' lang='lat' dir='ltr'><strong>enode</strong></span> <span class='ocrx_word' id='word_1_63' title='bbox 809 1508 965 1552; x_wconf 87' lang='lat' dir='ltr'><strong>cacumen</strong></span> 
     </span>
     <span class='ocr_line' id='line_1_11' title="bbox 189 1602 927 1696; baseline -0.001 -26"><span class='ocrx_word' id='word_1_64' title='bbox 189 1603 360 1696; x_wconf 84' lang='lat' dir='ltr'><strong>Ingeniosa</strong></span> <span class='ocrx_word' id='word_1_65' title='bbox 378 1603 477 1688; x_wconf 88' lang='lat' dir='ltr'><strong>levat,</strong></span> <span class='ocrx_word' id='word_1_66' title='bbox 493 1602 594 1672; x_wconf 89' lang='lat' dir='ltr'><strong>veluti</strong></span> <span class='ocrx_word' id='word_1_67' title='bbox 609 1602 782 1671; x_wconf 85' lang='lat' dir='ltr'><strong>descendat</strong></span> <span class='ocrx_word' id='word_1_68' title='bbox 795 1603 829 1668; x_wconf 95' lang='lat' dir='ltr'><strong>in</strong></span> <span class='ocrx_word' id='word_1_69' title='bbox 846 1603 927 1669; x_wconf 87' lang='lat' dir='ltr'><strong>imos</strong></span> 
     </span>
     <span class='ocr_line' id='line_1_12' title="bbox 189 1719 919 1813; baseline 0 -26"><span class='ocrx_word' id='word_1_70' title='bbox 189 1722 297 1813; x_wconf 87' lang='lat' dir='ltr'><strong>Stirpe</strong></span> <span class='ocrx_word' id='word_1_71' title='bbox 314 1721 403 1790; x_wconf 88' lang='lat' dir='ltr'><strong>lacus</strong></span> <span class='ocrx_word' id='word_1_72' title='bbox 416 1719 489 1789; x_wconf 89' lang='lat' dir='ltr'><strong>alia.</strong></span> <span class='ocrx_word' id='word_1_73' title='bbox 506 1724 578 1790; x_wconf 87' lang='lat' dir='ltr'><strong>Jarn</strong></span> <span class='ocrx_word' id='word_1_74' title='bbox 592 1746 651 1789; x_wconf 85' lang='lat' dir='ltr'><strong>nec</strong></span> <span class='ocrx_word' id='word_1_75' title='bbox 667 1721 819 1790; x_wconf 80' lang='lat' dir='ltr'><strong>Phoebeia</strong></span> <span class='ocrx_word' id='word_1_76' title='bbox 839 1723 919 1790; x_wconf 87' lang='lat' dir='ltr'><strong>Nais</strong></span> 
     </span>
     <span class='ocr_line' id='line_1_13' title="bbox 189 1822 1017 1933; baseline 0.002 -28"><span class='ocrx_word' id='word_1_77' title='bbox 189 1838 284 1925; x_wconf 88' lang='lat' dir='ltr'><strong>Odit,</strong></span> <span class='ocrx_word' id='word_1_78' title='bbox 305 1854 338 1907; x_wconf 92' lang='lat' dir='ltr'><strong>et</strong></span> <span class='ocrx_word' id='word_1_79' title='bbox 356 1838 501 1908; x_wconf 78' lang='lat' dir='ltr'><strong>exclusos</strong></span> <span class='ocrx_word' id='word_1_80' title='bbox 519 1841 635 1908; x_wconf 86' lang='lat' dir='ltr'><strong>invitat</strong></span> <span class='ocrx_word' id='word_1_81' title='bbox 651 1841 779 1933; x_wconf 83' lang='lat' dir='ltr'><strong>gurgite</strong></span> <span class='ocrx_word' id='word_1_82' title='bbox 792 1864 910 1907; x_wconf 88' lang='lat' dir='ltr'><strong>ramos.</strong></span> <span class='ocrx_word' id='word_1_83' title='bbox 1011 1822 1017 1831; x_wconf 46' lang='grc'><em>’</em></span> 
     </span>
     <span class='ocr_line' id='line_1_14' title="bbox 235 1956 1084 2052; baseline 0.001 -27"><span class='ocrx_word' id='word_1_84' title='bbox 235 1961 311 2025; x_wconf 86' lang='lat' dir='ltr'><strong>Haec</strong></span> <span class='ocrx_word' id='word_1_85' title='bbox 327 1958 400 2044; x_wconf 88' lang='lat' dir='ltr'><strong>tibi,</strong></span> <span class='ocrx_word' id='word_1_86' title='bbox 416 1982 517 2052; x_wconf 86' lang='lat' dir='ltr'><strong>parva</strong></span> <span class='ocrx_word' id='word_1_87' title='bbox 531 1958 677 2051; x_wconf 88' lang='lat' dir='ltr'><strong>quidem,</strong></span> <span class='ocrx_word' id='word_1_88' title='bbox 694 1956 828 2051; x_wconf 88' lang='lat' dir='ltr'><strong>genitali</strong></span> <span class='ocrx_word' id='word_1_89' title='bbox 844 1956 917 2027; x_wconf 87' lang='lat' dir='ltr'><strong>lnce</strong></span> <span class='ocrx_word' id='word_1_90' title='bbox 932 1981 1084 2051; x_wconf 87' lang='lat' dir='ltr'><strong>paramus</strong></span> 
     </span>
     <span class='ocr_line' id='line_1_15' title="bbox 188 2077 969 2171; baseline 0.004 -27"><span class='ocrx_word' id='word_1_91' title='bbox 188 2078 300 2162; x_wconf 86' lang='lat' dir='ltr'><strong>Dona,</strong></span> <span class='ocrx_word' id='word_1_92' title='bbox 320 2077 376 2145; x_wconf 90' lang='lat' dir='ltr'><strong>sed</strong></span> <span class='ocrx_word' id='word_1_93' title='bbox 393 2078 517 2171; x_wconf 90' lang='lat' dir='ltr'><strong>ingenti</strong></span> <span class='ocrx_word' id='word_1_94' title='bbox 534 2077 644 2146; x_wconf 81' lang='lat' dir='ltr'><strong>forsan</strong></span> <span class='ocrx_word' id='word_1_95' title='bbox 658 2078 782 2146; x_wconf 86' lang='lat' dir='ltr'><strong>victura</strong></span> <span class='ocrx_word' id='word_1_96' title='bbox 798 2078 858 2145; x_wconf 87' lang='lat' dir='ltr'><strong>sub</strong></span> <span class='ocrx_word' id='word_1_97' title='bbox 877 2102 969 2147; x_wconf 74' lang='lat' dir='ltr'><strong>aevoz</strong></span> 
     </span>
     <span class='ocr_line' id='line_1_16' title="bbox 187 2195 996 2290; baseline 0.002 -29"><span class='ocrx_word' id='word_1_98' title='bbox 187 2197 252 2279; x_wconf 90' lang='lat' dir='ltr'><strong>Tu,</strong></span> <span class='ocrx_word' id='word_1_99' title='bbox 267 2197 359 2288; x_wconf 90' lang='lat' dir='ltr'><strong>cujus</strong></span> <span class='ocrx_word' id='word_1_100' title='bbox 379 2195 507 2290; x_wconf 86' lang='lat' dir='ltr'><strong>placido</strong></span> <span class='ocrx_word' id='word_1_101' title='bbox 523 2222 661 2289; x_wconf 88' lang='lat' dir='ltr'><strong>posuere</strong></span> <span class='ocrx_word' id='word_1_102' title='bbox 681 2198 714 2264; x_wconf 95' lang='lat' dir='ltr'><strong>in</strong></span> <span class='ocrx_word' id='word_1_103' title='bbox 736 2209 867 2290; x_wconf 87' lang='lat' dir='ltr'><strong>pectore</strong></span> <span class='ocrx_word' id='word_1_104' title='bbox 887 2196 996 2264; x_wconf 88' lang='lat' dir='ltr'><strong>sedern</strong></span> 
     </span>
     <span class='ocr_line' id='line_1_17' title="bbox 189 2311 1215 2410; baseline 0.006 -31"><span class='ocrx_word' id='word_1_105' title='bbox 189 2311 332 2382; x_wconf 83' lang='lat' dir='ltr'><strong>Blandus</strong></span> <span class='ocrx_word' id='word_1_106' title='bbox 348 2319 475 2401; x_wconf 90' lang='lat' dir='ltr'><strong>Honos,</strong></span> <span class='ocrx_word' id='word_1_107' title='bbox 494 2316 672 2408; x_wconf 87' lang='lat' dir='ltr'><strong>hilarisque</strong></span> <span class='ocrx_word' id='word_1_108' title='bbox 689 2316 906 2410; x_wconf 87' lang='lat' dir='ltr'><strong>(tamencum</strong></span> <span class='ocrx_word' id='word_1_109' title='bbox 922 2314 1086 2409; x_wconf 86' lang='lat' dir='ltr'><strong>pondere)</strong></span> <span class='ocrx_word' id='word_1_110' title='bbox 1097 2317 1215 2386; x_wconf 78' lang='lat' dir='ltr'><strong>Virtus</strong></span> 
     </span>
     <span class='ocr_line' id='line_1_18' title="bbox 186 2411 1125 2528; baseline 0.005 -31"><span class='ocrx_word' id='word_1_111' title='bbox 186 2431 250 2497; x_wconf 90' lang='lat' dir='ltr'><strong>Cui</strong></span> <span class='ocrx_word' id='word_1_112' title='bbox 271 2455 330 2498; x_wconf 91' lang='lat' dir='ltr'><strong>nec</strong></span> <span class='ocrx_word' id='word_1_113' title='bbox 347 2433 440 2525; x_wconf 89' lang='lat' dir='ltr'><strong>pigra</strong></span> <span class='ocrx_word' id='word_1_114' title='bbox 456 2434 562 2523; x_wconf 90' lang='lat' dir='ltr'><strong>quies,</strong></span> <span class='ocrx_word' id='word_1_115' title='bbox 582 2458 643 2500; x_wconf 91' lang='lat' dir='ltr'><strong>nec</strong></span> <span class='ocrx_word' id='word_1_116' title='bbox 658 2411 771 2524; x_wconf 81' lang='lat' dir='ltr'><strong>iniqua</strong></span> <span class='ocrx_word' id='word_1_117' title='bbox 787 2435 955 2526; x_wconf 86' lang='lat' dir='ltr'><strong>potentia,</strong></span> <span class='ocrx_word' id='word_1_118' title='bbox 971 2458 1031 2502; x_wconf 84' lang='lat' dir='ltr'><strong>nec</strong></span> <span class='ocrx_word' id='word_1_119' title='bbox 1049 2458 1125 2528; x_wconf 84' lang='lat' dir='ltr'><strong>spes</strong></span> 
     </span>
     <span class='ocr_line' id='line_1_19' title="bbox 186 2549 1125 2642; baseline 0.006 -27"><span class='ocrx_word' id='word_1_120' title='bbox 186 2549 355 2641; x_wconf 81' lang='lat' dir='ltr'><strong>Improha3</strong></span> <span class='ocrx_word' id='word_1_121' title='bbox 377 2549 433 2616; x_wconf 90' lang='lat' dir='ltr'><strong>sed</strong></span> <span class='ocrx_word' id='word_1_122' title='bbox 450 2549 576 2618; x_wconf 90' lang='lat' dir='ltr'><strong>medius</strong></span> <span class='ocrx_word' id='word_1_123' title='bbox 592 2575 650 2642; x_wconf 89' lang='lat' dir='ltr'><strong>per</strong></span> <span class='ocrx_word' id='word_1_124' title='bbox 665 2550 816 2634; x_wconf 88' lang='lat' dir='ltr'><strong>honesta,</strong></span> <span class='ocrx_word' id='word_1_125' title='bbox 831 2564 864 2618; x_wconf 91' lang='lat' dir='ltr'><strong>et</strong></span> <span class='ocrx_word' id='word_1_126' title='bbox 882 2549 988 2619; x_wconf 86' lang='lat' dir='ltr'><strong>dulcia</strong></span> <span class='ocrx_word' id='word_1_127' title='bbox 1005 2550 1125 2621; x_wconf 80' lang='lat' dir='ltr'><strong>limes:</strong></span> 
     </span>
     <span class='ocr_line' id='line_1_20' title="bbox 185 2666 1038 2762; baseline 0.004 -27"><span class='ocrx_word' id='word_1_128' title='bbox 185 2671 380 2761; x_wconf 79' lang='lat' dir='ltr'><strong>incorrupte</strong></span> <span class='ocrx_word' id='word_1_129' title='bbox 395 2667 508 2755; x_wconf 84' lang='lat' dir='ltr'><strong>fidem,</strong></span> <span class='ocrx_word' id='word_1_130' title='bbox 525 2666 697 2761; x_wconf 86' lang='lat' dir='ltr'><strong>nullosque</strong></span> <span class='ocrx_word' id='word_1_131' title='bbox 715 2685 847 2762; x_wconf 86' lang='lat' dir='ltr'><strong>experte</strong></span> <span class='ocrx_word' id='word_1_132' title='bbox 865 2668 1038 2755; x_wconf 85' lang='lat' dir='ltr'><strong>tumultus,</strong></span> 
     </span>
    </p>
   </div>
   <div class='ocr_carea' id='block_1_3' title="bbox 185 2785 1012 2880">
    <p class='ocr_par' dir='ltr' id='par_1_3' title="bbox 185 2785 1012 2880">
     <span class='ocr_line' id='line_1_21' title="bbox 185 2785 1012 2880; baseline 0.001 -25"><span class='ocrx_word' id='word_1_133' title='bbox 185 2790 227 2855; x_wconf 87' lang='lat' dir='ltr'><strong>Et</strong></span> <span class='ocrx_word' id='word_1_134' title='bbox 246 2801 368 2855; x_wconf 87' lang='lat' dir='ltr'><strong>secrete</strong></span> <span class='ocrx_word' id='word_1_135' title='bbox 385 2785 491 2880; x_wconf 86' lang='lat' dir='ltr'><strong>palam</strong></span> <span class='ocrx_word' id='word_1_136' title='bbox 513 2813 521 2853; x_wconf 75' lang='grc' dir='ltr'><strong><em>ε</em></strong></span> <span class='ocrx_word' id='word_1_137' title='bbox 544 2788 600 2879; x_wconf 90' lang='lat' dir='ltr'><strong>qui</strong></span> <span class='ocrx_word' id='word_1_138' title='bbox 619 2786 739 2880; x_wconf 89' lang='lat' dir='ltr'><strong>digeris</strong></span> <span class='ocrx_word' id='word_1_139' title='bbox 759 2787 876 2856; x_wconf 85' lang='lat' dir='ltr'><strong>ordine</strong></span> <span class='ocrx_word' id='word_1_140' title='bbox 894 2789 1012 2874; x_wconf 84' lang='lat' dir='ltr'><strong>vitam3</strong></span> 
     </span>
    </p>
   </div>
   <div class='ocr_carea' id='block_1_4' title="bbox 182 2904 1051 3828">
    <p class='ocr_par' dir='ltr' id='par_1_4' title="bbox 183 2904 1038 3354">
     <span class='ocr_line' id='line_1_22' title="bbox 184 2904 1038 3000; baseline 0.004 -27"><span class='ocrx_word' id='word_1_141' title='bbox 184 2905 277 2973; x_wconf 89' lang='lat' dir='ltr'><strong>Idem</strong></span> <span class='ocrx_word' id='word_1_142' title='bbox 293 2904 364 2972; x_wconf 84' lang='lat' dir='ltr'><strong>auri</strong></span> <span class='ocrx_word' id='word_1_143' title='bbox 383 2904 485 2973; x_wconf 81' lang='lat' dir='ltr'><strong>facilis</strong></span> <span class='ocrx_word' id='word_1_144' title='bbox 504 2920 725 2998; x_wconf 85' lang='lat' dir='ltr'><strong>contemptor,</strong></span> <span class='ocrx_word' id='word_1_145' title='bbox 744 2919 776 2974; x_wconf 87' lang='lat' dir='ltr'><strong>et</strong></span> <span class='ocrx_word' id='word_1_146' title='bbox 791 2908 934 3000; x_wconf 89' lang='lat' dir='ltr'><strong>optimus</strong></span> <span class='ocrx_word' id='word_1_147' title='bbox 950 2907 1038 2977; x_wconf 88' lang='lat' dir='ltr'><strong>idem</strong></span> 
     </span>
     <span class='ocr_line' id='line_1_23' title="bbox 184 3022 1006 3117; baseline 0.006 -27"><span class='ocrx_word' id='word_1_148' title='bbox 184 3024 324 3091; x_wconf 90' lang='lat' dir='ltr'><strong>Comere</strong></span> <span class='ocrx_word' id='word_1_149' title='bbox 340 3022 484 3111; x_wconf 82' lang='lat' dir='ltr'><strong>divitias,</strong></span> <span class='ocrx_word' id='word_1_150' title='bbox 503 3024 684 3117; x_wconf 89' lang='lat' dir='ltr'><strong>opibusque</strong></span> <span class='ocrx_word' id='word_1_151' title='bbox 701 3025 875 3093; x_wconf 89' lang='lat' dir='ltr'><strong>immittere</strong></span> <span class='ocrx_word' id='word_1_152' title='bbox 890 3024 1006 3095; x_wconf 88' lang='lat' dir='ltr'><strong>lucem.</strong></span> 
     </span>
     <span class='ocr_line' id='line_1_24' title="bbox 184 3139 1032 3236; baseline 0.006 -29"><span class='ocrx_word' id='word_1_153' title='bbox 184 3144 254 3208; x_wconf 87' lang='lat' dir='ltr'><strong>Hac</strong></span> <span class='ocrx_word' id='word_1_154' title='bbox 269 3139 405 3235; x_wconf 88' lang='lat' dir='ltr'><strong>longum</strong></span> <span class='ocrx_word' id='word_1_155' title='bbox 419 3141 538 3211; x_wconf 79' lang='lat' dir='ltr'><strong>florens</strong></span> <span class='ocrx_word' id='word_1_156' title='bbox 551 3143 653 3210; x_wconf 89' lang='lat' dir='ltr'><strong>animi</strong></span> <span class='ocrx_word' id='word_1_157' title='bbox 671 3166 866 3236; x_wconf 88' lang='lat' dir='ltr'><strong>morumque</strong></span> <span class='ocrx_word' id='word_1_158' title='bbox 879 3144 1032 3235; x_wconf 86' lang='lat' dir='ltr'><strong>juventa,</strong></span> 
     </span>
     <span class='ocr_line' id='line_1_25' title="bbox 183 3256 895 3354; baseline 0.001 -26"><span class='ocrx_word' id='word_1_159' title='bbox 183 3256 301 3328; x_wconf 91' lang='lat' dir='ltr'><strong>Iliacos</strong></span> <span class='ocrx_word' id='word_1_160' title='bbox 320 3285 447 3353; x_wconf 86' lang='lat' dir='ltr'><strong>aequare</strong></span> <span class='ocrx_word' id='word_1_161' title='bbox 463 3285 568 3348; x_wconf 87' lang='lat' dir='ltr'><strong>senes,</strong></span> <span class='ocrx_word' id='word_1_162' title='bbox 588 3275 621 3329; x_wconf 91' lang='lat' dir='ltr'><strong>et</strong></span> <span class='ocrx_word' id='word_1_163' title='bbox 640 3260 771 3329; x_wconf 89' lang='lat' dir='ltr'><strong>vincere</strong></span> <span class='ocrx_word' id='word_1_164' title='bbox 787 3274 895 3354; x_wconf 86' lang='lat' dir='ltr'><strong>persta</strong></span> 
     </span>
    </p>

    <p class='ocr_par' dir='ltr' id='par_1_5' title="bbox 184 3377 1049 3568">
     <span class='ocr_line' id='line_1_26' title="bbox 184 3377 1049 3474; baseline 0.006 -30"><span class='ocrx_word' id='word_1_165' title='bbox 184 3379 278 3466; x_wconf 86' lang='lat' dir='ltr'><strong>Quos</strong></span> <span class='ocrx_word' id='word_1_166' title='bbox 297 3392 390 3471; x_wconf 90' lang='lat' dir='ltr'><strong>pater</strong></span> <span class='ocrx_word' id='word_1_167' title='bbox 407 3378 534 3472; x_wconf 84' lang='lat' dir='ltr'><strong>Elysio,</strong></span> <span class='ocrx_word' id='word_1_168' title='bbox 550 3381 691 3474; x_wconf 84' lang='lat' dir='ltr'><strong>genitrix</strong></span> <span class='ocrx_word' id='word_1_169' title='bbox 706 3404 787 3472; x_wconf 89' lang='lat' dir='ltr'><strong>quos</strong></span> <span class='ocrx_word' id='word_1_170' title='bbox 801 3377 922 3449; x_wconf 90' lang='lat' dir='ltr'><strong>detulit</strong></span> <span class='ocrx_word' id='word_1_171' title='bbox 935 3404 1049 3449; x_wconf 88' lang='lat' dir='ltr'><strong>annos.</strong></span> 
     </span>
     <span class='ocr_line' id='line_1_27' title="bbox 184 3494 802 3568; baseline 0.003 -5"><span class='ocrx_word' id='word_1_172' title='bbox 184 3498 256 3566; x_wconf 89' lang='lat' dir='ltr'><strong>Hoc</strong></span> <span class='ocrx_word' id='word_1_173' title='bbox 275 3494 322 3563; x_wconf 89' lang='lat' dir='ltr'><strong>itli</strong></span> <span class='ocrx_word' id='word_1_174' title='bbox 340 3495 438 3564; x_wconf 88' lang='lat' dir='ltr'><strong>duras</strong></span> <span class='ocrx_word' id='word_1_175' title='bbox 458 3520 632 3568; x_wconf 82' lang='lat' dir='ltr'><strong>exoravere</strong></span> <span class='ocrx_word' id='word_1_176' title='bbox 648 3522 775 3566; x_wconf 85' lang='lat' dir='ltr'><strong>sorores</strong></span> <span class='ocrx_word' id='word_1_177' title='bbox 794 3524 802 3565; x_wconf 74' lang='grc' dir='ltr'><em>τ</em></span> 
     </span>
    </p>

    <p class='ocr_par' dir='ltr' id='par_1_6' title="bbox 182 3614 1051 3828">
     <span class='ocr_line' id='line_1_28' title="bbox 182 3614 1051 3709; baseline 0.003 -27"><span class='ocrx_word' id='word_1_178' title='bbox 182 3618 268 3702; x_wconf 88' lang='lat' dir='ltr'><strong>Hoc,</strong></span> <span class='ocrx_word' id='word_1_179' title='bbox 285 3637 358 3706; x_wconf 84' lang='lat' dir='ltr'><strong>quae</strong></span> <span class='ocrx_word' id='word_1_180' title='bbox 376 3628 408 3682; x_wconf 88' lang='lat' dir='ltr'><strong>te</strong></span> <span class='ocrx_word' id='word_1_181' title='bbox 426 3614 486 3681; x_wconf 90' lang='lat' dir='ltr'><strong>sub</strong></span> <span class='ocrx_word' id='word_1_182' title='bbox 504 3627 599 3701; x_wconf 83' lang='lat' dir='ltr'><strong>teste,</strong></span> <span class='ocrx_word' id='word_1_183' title='bbox 612 3617 709 3684; x_wconf 85' lang='lat' dir='ltr'><strong>eitum</strong></span> <span class='ocrx_word' id='word_1_184' title='bbox 730 3614 875 3709; x_wconf 87' lang='lat' dir='ltr'><strong>fugitura</strong></span> <span class='ocrx_word' id='word_1_185' title='bbox 891 3629 1051 3685; x_wconf 86' lang='lat' dir='ltr'><strong>tacentem</strong></span> 
     </span>
     <span class='ocr_line' id='line_1_29' title="bbox 185 3732 943 3828; baseline 0 -26"><span class='ocrx_word' id='word_1_186' title='bbox 185 3732 295 3802; x_wconf 83' lang='lat' dir='ltr'><strong>Ardua</strong></span> <span class='ocrx_word' id='word_1_187' title='bbox 315 3734 516 3827; x_wconf 87' lang='lat' dir='ltr'><strong>magnanimi</strong></span> <span class='ocrx_word' id='word_1_188' title='bbox 536 3735 703 3802; x_wconf 84' lang='lat' dir='ltr'><strong>revirescit</strong></span> <span class='ocrx_word' id='word_1_189' title='bbox 721 3732 825 3828; x_wconf 89' lang='lat' dir='ltr'><strong>gloria</strong></span> <span class='ocrx_word' id='word_1_190' title='bbox 840 3733 943 3803; x_wconf 88' lang='lat' dir='ltr'><strong>Blaesi.</strong></span> 
     </span>
    </p>
   </div>
   <div class='ocr_carea' id='block_1_5' title="bbox 577 4019 850 4044">
    <p class='ocr_par' dir='ltr' id='par_1_7' title="bbox 577 4019 850 4044">
     <span class='ocr_line' id='line_1_30' title="bbox 577 4019 850 4044; baseline 0.007 -10"><span class='ocrx_word' id='word_1_191' title='bbox 577 4019 850 4044; x_wconf 66' lang='lat'><em>·······—-·-·—</em></span> 
     </span>
    </p>
   </div>
   <div class='ocr_carea' id='block_1_6' title="bbox 0 0 1410 5258">
    <p class='ocr_par' dir='ltr' id='par_1_8' title="bbox 0 0 1410 5258">
     <span class='ocr_line' id='line_1_31' title="bbox 0 0 1410 5258; baseline 0 4"><span class='ocrx_word' id='word_1_192' title='bbox 0 0 1410 5258; x_wconf 95' lang='lat' dir='ltr'><strong> </strong></span> 
     </span>
    </p>
   </div>
  </div>
 </body>
</html>
