2812 5258
79 451 172 508 (eet.)
409 404 596 496 sutanum
617 441 724 496 mnne
746 443 767 495 1.
1068 442 1100 497 ιε

79 567 216 651 Omina,
232 567 300 656 jam
317 564 397 633 festa
416 564 519 632 servet
539 564 655 633 domus
673 579 812 656 utraque
827 589 972 658 pompa:

78 682 207 750 Fronde
225 683 331 749 virent
348 695 474 774 postes,
493 681 649 776 effulgent
665 683 807 774 compita
826 682 981 769 flammis,

78 804 120 869 Et
137 823 211 891 pars
227 801 392 868 immensae
410 799 532 893 gaudet
547 799 757 868 celeberrima
774 803 896 870 Romae.

79 919 195 986 Omnis
214 917 337 1003 honos,
357 919 466 986 cuncti
486 919 624 986 veniunt
644 917 685 985 ad
705 917 817 986 limina
836 917 936 988 fasces
957 945 964 986 :

79 1037 195 1103 Omnis
214 1033 340 1127 plebeio
361 1036 476 1102 teritur
495 1048 650 1126 praetexta
667 1034 818 1103 tumultu.

78 1154 139 1220 Hic
156 1177 269 1244 eques,
290 1153 345 1220 hic
357 1154 516 1244 juvenum
534 1167 618 1221 coetu
638 1152 720 1221 stola
740 1155 841 1221 mixta
860 1151 994 1223 laborat.

77 1269 198 1339 Felices
216 1285 372 1363 utrosque
389 1285 528 1355 vocant;
547 1270 603 1338 sed
623 1272 657 1336 in
677 1271 807 1364 agmine
826 1268 936 1363 plnres

77 1388 227 1456 Invidere
247 1389 328 1456 viro.
349 1388 547 1456 Jamdudum
566 1402 658 1479 poste
678 1386 807 1456 reclinis

77 1470 204 1594 Quaerit
223 1509 351 1598 Hymen
369 1503 519 1574 thalamis
539 1507 696 1573 intactum
714 1505 821 1574 dicere
838 1529 985 1591 carmen,
1093 1558 1096 1565 .

77 1624 154 1711 Quo
172 1638 280 1692 vatem
300 1622 443 1692 mulcere
460 1636 559 1716 queat
578 1650 587 1690 ε
610 1623 665 1691 dat
684 1626 771 1691 Juno
789 1623 933 1692 verenda

78 1739 232 1826 Vincula,
248 1755 281 1808 et
296 1742 416 1835 insigni
431 1742 576 1836 geminat
590 1739 775 1810 Concordia
791 1740 880 1809 taeda.

78 1859 140 1924 Hic
156 1857 217 1923 luit
233 1855 287 1923 ille
304 1857 372 1924 dies
387 1884 394 1925 :
411 1873 540 1927 noctem
554 1873 650 1927 canat
664 1861 732 1952 ipse
747 1860 891 1927 maritus.

79 1974 251 2059 Quantum
267 1995 360 2038 nosse
376 1971 467 2056 licet,
481 1977 526 2041 sic
539 1978 624 2043 victa
640 2000 756 2068 sopore
772 1975 884 2044 doloso

80 2089 199 2157 Martia
218 2086 369 2155 fluminea
384 2090 493 2180 posuit
510 2087 593 2157 latus
607 2090 668 2158 Ilia
682 2095 753 2184 ripa
770 2118 777 2158 :

79 2207 155 2274 Non
173 2203 244 2273 talis
259 2208 370 2273 niveos
384 2207 516 2274 strinxit
531 2208 670 2274 lavinia
685 2206 810 2293 vultus,

28 2409 31 2414 ι
78 2324 191 2410 Quum
204 2325 317 2390 Turno
330 2337 498 2414 spectante
512 2323 623 2409 rubet;
640 2349 707 2392 non
725 2323 860 2393 Claudia
879 2324 949 2394 talis

77 2441 230 2532 Respexit
245 2438 398 2533 populos,
414 2453 502 2507 mota
515 2443 584 2532 jam
600 2442 694 2534 virgo
708 2444 828 2511 carina.

124 2561 223 2628 Nunc
237 2583 335 2651 opus,
352 2558 518 2628 Aonidum
535 2562 682 2646 comites,
698 2562 929 2655 tripodumque
944 2563 1099 2648 ministri,

77 2677 220 2745 Diversis
236 2691 360 2744 certare
374 2676 479 2744 modis
495 2703 502 2743 :
520 2691 572 2744 eat
587 2679 705 2746 enthea
720 2680 810 2746 vittis

78 2796 184 2884 Atque
199 2793 328 2862 hederis
344 2794 494 2861 redimita
507 2794 637 2881 cohors,
654 2808 690 2861 ut
707 2793 807 2887 pollet
822 2797 934 2863 ovanti

76 2910 222 3002 Quisque
240 2909 323 3002 lyra;
339 2911 394 2978 sed
411 2912 571 3004 praecipue
587 2913 643 3004 qui
660 2911 769 2979 nobile
784 2936 894 3005 gressu

77 3030 229 3095 Extremo
245 3027 401 3095 fraudatis
417 3007 514 3121 epos,
531 3028 605 3095 date
620 3031 765 3097 carmina
779 3030 866 3098 sestis

78 3146 182 3238 Digna
201 3147 279 3213 toris
295 3171 302 3212 :
318 3143 407 3212 hunc
423 3146 508 3237 ipse,
524 3147 594 3212 Coo
608 3144 799 3238 plaudente,
816 3145 958 3214 Philetas

78 3261 358 3353 Callimachusque
371 3286 483 3347 senex,
501 3262 693 3356 Umbroque
707 3265 896 3356 Propertius
910 3278 1005 3331 antro

80 3381 261 3448 Ambissent
277 3380 410 3448 laudare
425 3380 527 3465 diem;
544 3405 602 3448 nec
620 3383 718 3448 tristis
735 3382 768 3448 in
785 3383 862 3474 ipsis

79 3497 165 3563 Naso
180 3500 303 3583 Tomis,
317 3498 470 3590 divesque
486 3499 559 3567 foco
575 3497 703 3566 lucente
716 3496 873 3566 Tibullus.

78 3616 134 3680 Me
146 3628 230 3681 certe
244 3639 311 3682 non
328 3640 412 3682 unus
429 3640 533 3698 amor,
548 3613 748 3708 simplexque
764 3615 902 3683 canendi

78 3735 183 3799 Causa
199 3730 296 3797 trahit
313 3756 320 3796 τ
340 3745 444 3798 tecum
458 3731 579 3800 similes
592 3734 777 3824 junctaeque
791 3734 972 3815 Camoeuae,

77 3844 195 3932 Stella,
211 3845 306 3928 mihi;
323 3845 526 3940 multumque
539 3873 634 3942 pares
648 3849 845 3917 bacchamur
861 3850 902 3917 ad
917 3872 1004 3935 aras,

76 3966 116 4031 Et
133 3964 254 4031 sociam
269 3961 372 4029 doctis
386 3963 553 4033 haurimus
569 3966 610 4033 ab
626 3967 775 4034 amnibus
793 3967 924 4035 undam.
