2812 5258
325 461 365 516 IN
385 462 415 515 Ρ.
436 462 465 514 P.
487 461 609 516 sanan
630 462 721 517 slav,
743 461 810 515 LIB.
831 461 864 514 V.
1046 461 1102 519 285

126 579 233 634 Exerto
247 595 376 651 quoenam
393 576 465 630 bona
478 585 603 648 tempora
618 575 688 628 bello
702 571 740 648 (r.
762 572 818 649 39).
833 576 855 628 l.
870 593 894 630 e.
911 586 1025 650 aperto,
1035 596 1102 651 opp.

85 667 250 722 Fraudibus.
270 668 303 720 V.
323 668 437 725 Mansa.
451 666 545 739 Vulgo
559 676 673 728 exorto;
687 664 736 718 sed
755 663 825 719 illud
842 665 925 721 tacite
944 670 1068 723 Gronov.

117 771 260 826 ‘Nemeoea
273 769 398 823 vaderent
406 772 494 822 Anna
507 763 545 842 (v.
563 763 619 842 ld).
633 767 696 821 Hoc
703 765 843 821 Domitius
855 769 976 823 restituit
989 786 1004 823 e
1019 769 1102 824 codd.

84 871 113 917 et
135 860 200 916 edd.
221 868 288 914 vett.
309 859 428 914 lectione
446 868 602 912 monstrosa
621 859 725 912 vertitu
745 859 822 922 νίιί.,·
844 858 892 913 sed
910 868 1015 932 quanta
1037 861 1103 916 inde

84 951 252 1025 proveniant
265 949 457 1018 incommoda,
476 950 580 1022 optime
594 949 630 1003 ad
644 950 673 1004 h.
692 951 709 1003 l.
725 949 852 1022 exposuit
866 951 965 1005 Maril.
987 959 1015 1006 et
1031 954 1101 1006 Ler-

85 1062 150 1098 noeo
170 1042 230 1115 ipse
251 1042 385 1113 conjecit,
403 1041 421 1094 i.
446 1060 470 1097 e.
494 1041 605 1115 sagittas
625 1042 728 1095 lernaeae
747 1041 842 1115 hydras
862 1060 971 1097 veneno
995 1042 1102 1097 tinctas.

84 1132 163 1189 ldem
176 1151 243 1186 vero
252 1133 282 1186 in
294 1143 363 1187 nota
377 1131 413 1186 ad
426 1150 484 1205 seq.
502 1150 528 1187 r.
547 1132 667 1187 ostendit
681 1132 826 1204 quomodo
840 1132 885 1187 illa
900 1132 929 1185 in
942 1132 1104 1203 hujusmodi

83 1224 175 1296 poetis
189 1223 255 1279 terri
267 1223 375 1296 possint
390 1241 397 1276 ε
410 1223 544 1277 «solitum
560 1222 634 1276 enim
649 1222 682 1276 iis
695 1241 831 1277 arcessere
852 1223 973 1295 epitheta
993 1241 1103 1278 acausa

83 1314 245 1385 remotiori;
259 1314 361 1370 deinde
381 1314 419 1368 ita
433 1313 560 1368 arcessita
576 1315 735 1368 interventu
743 1314 827 1368 medii
845 1315 962 1386 alicujus
980 1315 1103 1385 conjun-

84 1423 150 1480 gere
174 1425 237 1461 cum
258 1406 345 1463 rede
368 1425 424 1480 qua
446 1407 611 1478 loquuntur,
630 1405 710 1478 quasi
727 1406 855 1478 proxima
869 1418 897 1461 et
916 1407 1046 1476 nativa„
1071 1418 1103 1461 ut

85 1496 231 1552 Nemeoeus
250 1508 277 1553 et
291 1497 434 1553 Cleonoeus
442 1536 451 1563 ,
468 1496 547 1570 quod
559 1506 710 1569 utrumque
725 1497 760 1552 ad
774 1499 882 1553 leonem
899 1517 1104 1553 nerneaeumre-

83 1587 180 1658 fertur,
198 1589 256 1660 jam
270 1589 304 1643 sit
324 1588 484 1661 simpliciter
502 1605 555 1659 pro
577 1588 726 1641 Herculeus
739 1607 749 1640 .·
762 1605 827 1642 nam
841 1606 933 1661 neque
948 1590 1034 1643 annu
1049 1600 1103 1643 ne-'

84 1696 141 1753 que
168 1681 285 1735 arcubus
311 1699 378 1736 usus
403 1679 494 1733 luerat
520 1676 557 1732 ad
581 1678 810 1752 strangulandum
834 1680 953 1734 leonem.
973 1682 1015 1735 Ac
1039 1697 1104 1736 sane

83 1769 146 1826 cod.
165 1771 301 1844 naenig,
315 1787 478 1843 quanquam
493 1769 581 1836 solus,
594 1770 700 1842 praebet
718 1771 843 1825 Nemeoe.

121 1875 302 1945 directumque
317 1873 445 1945 exspr'mt
464 1872 493 1925 in
510 1871 620 1926 umbras
639 1872 677 1948 (v.
698 1871 755 1949 70).
775 1874 876 1929 «Dicit
887 1873 1003 1942 Statius,
1019 1873 1104 1929 arbo-

82 1981 140 2033 res,
152 1962 207 2017 nisi
218 1961 330 2016 luxuria
345 1979 440 2015 earum
453 1972 646 2033 compescatur
658 1963 743 2030 falce,
754 1981 808 2035 pro
812 1965 911 2034 fructu
929 1964 999 2019 nihil
1017 1964 1102 2019 datu-

82 2071 128 2109 ras
143 2071 201 2108 esse
214 2051 267 2106 nisi
279 2050 393 2106 frondes
407 2061 435 2105 et
447 2050 586 2104 urnbms.»
599 2053 714 2107 Manna.

122 2157 271 2228 Pietasque
279 2173 335 2229 per
350 2172 444 2208 omnes
457 2151 495 2229 (v.
519 2158 554 2223 7l
568 2151 652 2230 sqq).
668 2158 711 2211 Ita
724 2157 848 2212 distinxit
862 2157 1029 2232 egregieque
1039 2157 1104 2213 illu-

83 2246 179 2302 stravit
198 2247 272 2300 hunc
294 2245 388 2299 locum
406 2243 580 2312 Gronovius,
594 2263 622 2317 p.
644 2244 698 2300 322
718 2265 779 2320 sqq.
800 2265 833 2301 :a
854 2249 958 2303 Omnes
973 2267 1103 2303 numeros

81 2336 208 2409 pietatis,
235 2336 381 2409 Crispine,
403 2333 570 2406 implevisti,
596 2346 684 2407 prout
709 2338 793 2393 unius
815 2338 951 2412 cujusque
982 2357 1102 2411 persona

81 2429 211 2501 ordoque
227 2427 403 2500 requirebat,
419 2445 485 2500 erga
502 2427 579 2480 illum
594 2438 732 2500 grassatus
747 2447 783 2484 es.
799 2430 844 2485 Sic
861 2431 974 2484 fratrem
988 2429 1102 2503 quidem

79 2537 232 2592 aequarum
247 2518 449 2590 anteponebas;
466 2527 574 2590 patrem
588 2517 777 2588 venerabaris3
795 2519 1005 2575 infelicitatem
1019 2519 1102 2574 matri

79 2608 251 2684 ignoscebas.
270 2609 322 2664 Hei
344 2609 426 2662 mihi!
440 2609 486 2662 bic
506 2609 593 2664 satum
612 2608 712 2664 domus
733 2621 830 2665 vestrae
847 2612 942 2665 matris
960 2611 1102 2665 mentione

78 2699 150 2756 iacta
171 2701 295 2756 animum
321 2717 413 2754 meum
439 2699 544 2753 ulcerat
569 2711 597 2754 et
619 2699 746 2772 pungit:
767 2700 855 2757 tibine
879 2699 924 2753 illa
947 2709 1101 2772 temperare

77 2810 163 2848 manu
176 2811 226 2848 sua
238 2809 378 2846 venenum
393 2789 541 2844 sustinuit?
559 2801 611 2845 etc.
626 2793 669 2844 lta
682 2790 801 2862 abrupta
814 2799 842 2844 et
849 2790 962 2862 praecisa
974 2790 1020 2844 hic
1033 2809 1100 2845 ora-

77 2883 135 2953 tio,
151 2894 184 2938 ut
201 2901 329 2958 magnam
342 2881 582 2955 perturbationem
600 2879 702 2956 figuret
718 2900 724 2934 :
738 2881 767 2935 in
782 2899 838 2954 qua
855 2881 1035 2954 exprimenda
1053 2882 1099 2938 di-

79 2973 160 3027 vinus
177 2975 260 3046 plane
274 2973 378 3030 Statius
395 2983 500 3028 noster.
515 2974 671 3026 Admonere
684 2991 743 3026 non
756 2972 876 3043 protrita
896 2973 1013 3028 notione
1026 2973 1099 3029 dici-

80 3072 127 3117 tur
141 3063 276 3136 quicquid
289 3065 385 3138 aliquo
405 3079 470 3117 cum
486 3063 583 3117 acrrleo
604 3064 719 3136 teloque
738 3063 767 3117 in
783 3064 946 3118 memoriam
962 3064 1050 3133 redit,
1068 3074 1101 3118 ut

81 3152 206 3207 Justinus
222 3173 229 3206 :
244 3154 334 3224 Hujus
352 3155 452 3209 urimte
466 3173 549 3228 quum
562 3153 658 3208 civitas
673 3155 808 3209 libertates
821 3155 1022 3209 admoneretur.
1032 3177 1047 3204 s
1065 3155 1100 3210 Et

81 3243 134 3297 alia
149 3245 275 3316 exempla
292 3244 430 3318 exquisita
449 3243 543 3314 addit,
556 3255 636 3298 aucta
653 3244 689 3299 ab
708 3245 785 3317 ipso,
798 3263 827 3317 p.
847 3242 918 3314 415,
932 3254 960 3299 et
971 3263 987 3299 a
999 3244 1099 3300 Markl.

119 3348 286 3400 Flectentem
297 3346 381 3415 jusu's
393 3347 431 3421 (r.
453 3347 510 3424 83).
525 3347 560 3403 ld
576 3357 632 3417 est,
648 3348 802 3421 explicante
819 3347 1000 3416 Marklando,
1018 3347 1099 3418 justis

80 3446 108 3490 et
124 3435 295 3490 solemnibus
313 3435 458 3494 funeribus
478 3457 539 3494 eam
565 3436 690 3508 flectere,
714 3439 743 3493 in
761 3449 837 3494 tuam
857 3438 973 3513 gratinus
992 3449 1098 3493 vertere

79 3527 245 3581 studentem.

117 3629 246 3684 Libram
262 3628 339 3682 Jult'a
359 3625 398 3704 (v.
415 3628 488 3707 roa).
507 3635 566 3689 Lex
580 3632 655 3688 Julia
673 3632 709 3687 de
726 3629 876 3687 adulteriis.
891 3628 981 3684 Codd.
1001 3627 1097 3682 urbm-

79 3733 133 3787 oet,
148 3721 228 3793 quod
241 3719 344 3791 injuria
357 3721 474 3775 mutarit
488 3725 586 3780 Markl
596 3765 605 3793 ,
615 3734 691 3780 recte
709 3722 853 3794 judicante
866 3717 1042 3775 Wakefieldo
1062 3719 1098 3774 ad

78 3813 206 3881 Lucret,
219 3831 250 3880 v,
272 3813 355 3884 1329,
369 3830 457 3885 quum
472 3813 520 3881 sit,
532 3815 644 3871 vibrare
658 3824 786 3888 pararet,
800 3813 836 3869 de
851 3821 961 3867 conatu.

117 3915 210 3969 Medii
221 3914 328 3968 bellare
342 3927 441 3989 togata
455 3916 534 3970 Pace
540 3915 604 3986 fori
616 3917 653 3993 (v.
667 3914 855 3993 108).Vocab.
864 3932 955 3988 pace,
970 3932 987 3968 a
999 3911 1097 3968 Markl.

78 4006 252 4076 proiectum,
273 4004 395 4061 debilem
418 4004 512 4060 reddit
535 4009 703 4064 sententiam.
729 4007 821 4063 Codd.
847 4015 875 4062 et
901 4004 966 4061 edd.
990 4014 1065 4062 reete
1088 4021 1096 4056 ε
