2812 5258
94 414 210 479 (nale)
402 416 616 473 Tarentinos
638 417 747 472 LIBER
768 416 816 471 lV.

95 544 204 609 Frena
219 552 350 624 tenent,
369 536 557 633 duplexque
576 541 702 608 inserto
718 536 840 607 missile
859 535 968 622 nodo,

92 661 204 728 Exerti
222 662 370 752 ingentes
386 657 544 727 humeros
560 685 567 726 :
584 658 729 752 chlamys
744 655 880 726 horrida
898 649 1044 748 pendet,

93 784 137 849 Et
152 804 238 849 cono
255 776 391 849 Ledaeus
410 802 502 871 apex.
519 780 597 847 Non
618 779 653 846 hi
671 778 733 847 tihi
751 774 880 862 solum,

92 900 309 994 Amphiarae,
327 913 480 969 merent:
496 913 595 993 auget
612 900 769 993 resupina
787 893 950 989 maniplos

93 1017 161 1090 Elis
179 1046 187 1087 :
207 1018 368 1114 depresses
387 1016 532 1113 populus
551 1019 642 1088 subit
658 1015 765 1087 incola
780 1017 881 1101 Pisae,

93 1141 161 1229 Qui
179 1154 229 1227 te,
247 1138 352 1228 ssave,
371 1155 489 1209 natant
504 1141 618 1224 terris,
636 1137 782 1232 Alphee,
803 1138 929 1207 Sicanis

93 1259 246 1345 Advena,
263 1275 332 1329 tarn
349 1258 453 1356 longo
470 1284 539 1330 non
554 1284 703 1353 unquam
719 1258 840 1327 infecte
857 1253 1032 1351 profundo.

92 1381 255 1451 Curribus
274 1381 460 1450 innumeris
476 1378 541 1449 late
559 1380 672 1474 putria
690 1402 770 1448 arva
789 1376 968 1462 lacessunt,

93 1502 135 1570 Et
151 1499 243 1570 bellis
259 1516 408 1571 armenta
426 1501 562 1571 domant
580 1527 589 1567 ε
607 1525 644 1571 ea
661 1499 766 1596 gloria
787 1499 878 1595 genti

92 1621 235 1690 Infando
251 1620 292 1690 de
309 1647 417 1707 more,
434 1637 468 1693 et
482 1623 595 1692 fractis
614 1622 715 1692 durat
731 1621 774 1691 ab
792 1644 897 1715 usque

92 1742 221 1813 Axibus
236 1745 403 1814 OEnomai
419 1744 581 1814 :strident
600 1744 789 1840 spumantia
808 1765 922 1811 morsu
999 1750 1005 1761 “

91 1861 254 1950 Vincula,
274 1878 309 1931 et
324 1862 459 1932 effossas
474 1864 591 1933 niveus
607 1867 693 1959 rigat
707 1864 813 1931 imber
831 1885 958 1931 arenas.

141 1985 196 2050 Tu
214 2004 348 2075 quoquo
361 1982 553 2051 Parrhasias
570 1984 685 2077 ignara
700 1997 806 2051 matre
823 1997 970 2051 catervas

91 2102 149 2171 Ah
168 2100 260 2170 rudis
275 2126 462 2188 annorum,
479 2117 611 2172 tantum
629 2128 716 2172 nova
733 2101 837 2198 gloria
855 2101 989 2187 suadet,

89 2222 349 2317 Parthenopam,
367 2224 457 2316 rapis
477 2248 486 2289 ε
505 2239 577 2292 turn
594 2222 697 2293 saltus
718 2224 803 2293 forte
819 2236 964 2291 remotos

89 2342 200 2411 Torva
214 2366 352 2436 parens,
370 2366 480 2435 neque
494 2344 584 2413 enirn
595 2344 669 2413 haec
677 2345 793 2436 juveni
806 2344 893 2412 soret
906 2344 954 2411 ire
969 2356 1130 2437 potestas,

95 2462 236 2532 Pacabat
253 2488 378 2552 cornu,
400 2463 566 2559 gelidique
583 2488 700 2534 aversa
718 2467 830 2558 Lycei.

93 2582 266 2654 Pulchrior
281 2583 371 2653 haud
387 2572 449 2654 ¹ulli
469 2587 564 2656 triste
580 2585 624 2655 ad
640 2586 818 2656 discrimen
835 2588 926 2655 ituro

94 2702 231 2792 Vultus,
245 2720 277 2774 et
294 2706 436 2801 egregiae
452 2720 544 2774 tauta
560 2704 767 2800 indulgentia
785 2707 921 2775 lormae:

93 2826 162 2894 Nec
178 2826 298 2895 desunt
316 2826 438 2914 animi,
457 2827 571 2895 veniat
588 2826 690 2894 modo
710 2826 829 2895 fortior
846 2840 935 2894 aetas.

91 2948 185 3037 Quos
202 2972 270 3017 uon
287 2946 342 3017 ille
359 2947 461 3019 duces
480 2971 677 3033 nemorum,
698 2947 873 3041 fluviisque
889 2946 998 3026 dicata

90 3068 254 3155 Numina,
270 3094 353 3164 quas
369 3093 493 3165 magno
510 3094 578 3138 non
597 3065 733 3163 impulit
749 3070 826 3162 igne
840 3064 1003 3163 Napaeas?

90 3192 220 3286 Ipsam,
235 3189 391 3263 Maenalia
409 3216 552 3287 puerum
570 3214 675 3284 quum
694 3186 777 3258 vidit
796 3190 831 3257 in
854 3188 988 3275 umbra,

91 3313 255 3401 Dianam,
275 3328 392 3384 tenero
410 3315 595 3408 signantem
612 3312 763 3408 gramina
785 3335 903 3406 passu,

89 3434 263 3530 lgnovisse
280 3434 392 3505 ferunt
410 3436 544 3522 comiti,
562 3436 756 3528 Dictaeaque
774 3432 838 3504 tela

90 3556 219 3651 Ipsarn,
239 3571 273 3625 et
288 3555 469 3651 Amyclaeas
486 3557 633 3626 humeris
652 3572 781 3651 aptasse
796 3555 980 3651 pharetras.

138 3675 275 3748 Prosilit
287 3678 405 3749 audaci
426 3681 545 3749 Martis
564 3695 739 3774 percussus
758 3703 889 3762 amore,

90 3804 211 3885 Arma,
230 3800 327 3869 tubas
344 3801 460 3871 aetdire
481 3800 611 3888 calens,
632 3817 666 3870 ct
686 3799 824 3897 pulvere
844 3797 921 3867 belli

90 3919 285 3991 Flaventem
302 3920 436 3991 sordere
451 3946 601 4006 comam,
618 3937 786 4017 captoque
806 3921 920 3989 referri

90 4044 206 4113 Hostis
227 4066 339 4137 equo:
355 4041 453 4111 tedet
470 4065 665 4130 nemorum,
686 4040 886 4134 titulumque
908 4053 1081 4107 nocentem
