2812 5258
43 446 76 505 (r.
88 446 159 510 Μ)
263 442 265 449 ’
345 444 554 502 munimus
575 444 685 500 LIBER
703 444 755 499 tx.
1022 437 1075 496 15⁵

44 572 138 640 Heus
153 568 287 638 ubinam
305 565 361 636 ille
379 567 535 662 frequens
550 568 650 637 modo
666 569 754 636 circa
774 564 888 635 limina
903 568 1018 636 matris

45 686 222 758 Ambitus?
238 700 434 779 orantesque
454 686 513 754 tibi
532 689 655 756 servire
676 684 826 782 Napaeae?

47 809 120 877 Cur
139 830 229 874 nunc
247 820 280 874 te
296 803 413 874 melius
432 830 518 874 savo
536 829 689 874 mansura
708 804 874 898 profundo

49 923 212 1019 Amplexu
231 925 352 993 misero
368 923 520 1012 tumulis,
540 928 691 1013 Crenaee,
709 939 863 1021 reporto,

48 1046 126 1117 Non
144 1043 246 1113 mibi?
263 1067 325 1113 nec
344 1056 442 1113 tantae
463 1043 581 1138 pudet,
596 1043 678 1113 heu!
697 1046 896 1138 miseretque
915 1045 1038 1129 ruinae,

51 1168 144 1235 Dure
160 1163 301 1258 parens?
320 1189 394 1258 quae
412 1179 445 1233 te
460 1163 528 1233 alta
545 1180 580 1234 et
598 1163 817 1234 ineluctabilis
835 1167 902 1233 imo

52 1282 209 1355 Condidit
225 1307 323 1353 amne
343 1281 455 1377 palus?
469 1307 537 1375 quo
551 1285 621 1377 jam
641 1309 701 1353 uec
720 1283 823 1353 cruda
839 1285 968 1376 nepotis

53 1407 198 1489 Funera,
217 1425 280 1471 nec
297 1403 401 1470 nostri
418 1400 549 1471 valeant
566 1426 780 1499 perrumpere
798 1400 972 1498 planctus?

54 1526 140 1594 Eece
156 1522 253 1610 furit,
269 1524 438 1616 jactatque
456 1537 513 1592 tuo
529 1547 564 1592 se
583 1524 618 1591 iu
635 1525 765 1619 gurgite
779 1523 886 1617 major

54 1640 289 1737 Hippomedon
309 1668 318 1710 r
336 1640 429 1712 ilium
446 1644 592 1738 ripaque
609 1642 773 1737 undaeque
789 1644 1000 1720 tremiscunt,

55 1760 148 1832 lliius
165 1760 308 1856 impulsu
324 1776 475 1832 nostrum
492 1763 578 1833 bibit
595 1763 684 1832 unda
704 1787 868 1833 cruorem.

56 1885 107 1951 Tu
123 1884 230 1977 piger,
249 1897 282 1950 et
296 1882 445 1950 trucibus
466 1879 571 1949 facilis
590 1884 711 1950 servire
730 1881 885 1978 Pelasgis.

57 1999 109 2072 Ad
129 2002 256 2068 cineres
273 1998 406 2084 saltem,
424 2023 641 2092 supremaque
658 2001 747 2092 justa
763 2016 896 2069 tuorum

57 2122 150 2188 Saeve
169 2119 263 2201 veni,
280 2142 349 2187 non
364 2116 419 2185 bic
438 2115 545 2186 solum
562 2141 738 2188 accensure
754 2135 948 2213 nepotem.»

108 2237 170 2305 His
188 2238 304 2306 miscet
321 2234 492 2331 planctus,
513 2235 720 2332 multumque
738 2238 875 2334 indigna
892 2252 1042 2309 cruentat

59 2360 223 2425 Pectora:
243 2353 394 2424 caerulea
411 2354 559 2425 referunt
577 2354 721 2425 lamenta
741 2351 881 2426 sorores.

62 2474 215 2566 Qualiter
231 2475 408 2544 Isthmiaco
425 2474 573 2544 nondum
593 2476 737 2546 Nereida
756 2492 856 2571 portu

63 2595 273 2666 leuootbcan
291 2592 453 2688 planxisse
470 2595 598 2684 serunt,
618 2595 697 2664 dum
714 2613 849 2690 pectore
867 2595 986 2665 anhelo

64 2714 215 2810 Frigidus
233 2716 268 2783 in
286 2730 425 2784 matrem
441 2739 561 2783 saevum
579 2739 668 2783 marc
682 2718 806 2808 respuit
825 2715 943 2783 infans.

113 2837 157 2903 At
172 2847 265 2927 pater
279 2859 399 2903 amano
417 2832 562 2902 residens
575 2837 722 2901 Ismenos
738 2834 772 2900 in
792 2847 908 2916 anuo,

68 2952 166 3023 Unde
186 2977 293 3040 aurae,
311 2951 483 3046 nubesque
498 2952 632 3039 bibunt,
652 2965 750 3044 atque
767 2949 916 3020 imbrifer
936 2953 1039 3020 Arcus

68 3075 233 3158 Pascitur,
254 3085 288 3139 et
302 3073 420 3164 Tyrios
436 3070 555 3140 melior
572 3071 664 3138 venit
681 3094 787 3139 annus
806 3071 839 3138 in
860 3094 976 3165 agros,
1096 3100 1099 3105 ’

68 3195 118 3262 Ut
133 3190 276 3259 lamenta
293 3188 411 3283 procul
427 3189 633 3284 (quanquam
648 3188 810 3282 obstrepit
829 3189 912 3285 ipse)
929 3212 1098 3282 novosque

71 3311 207 3404 Accepit
224 3324 309 3379 natta
329 3309 489 3402 gemitus,
507 3307 593 3377 levat
606 3332 721 3402 aspera
737 3332 850 3378 musco

71 3427 184 3513 Colla,
204 3452 402 3524 gravemque
419 3426 495 3523 gelu
510 3429 650 3516 crinem,
670 3428 853 3521 ceciditque
872 3427 980 3499 soluta

71 3549 174 3617 Pinus
193 3546 304 3619 adulta
322 3572 438 3635 manu,
457 3546 654 3640 dimissaque
671 3546 818 3617 volvitur
834 3572 928 3617 urna.

71 3665 171 3736 tltum
191 3690 250 3758 per
269 3670 356 3760 ripas
375 3692 502 3737 annoso
517 3691 653 3761 scrupea
673 3666 751 3737 iimo

73 3789 144 3854 Ora
162 3799 364 3854 exertantem
382 3785 487 3875 silvae,
507 3787 663 3880 fluviique
682 3789 823 3857 minores

73 3904 242 3972 Mirantur
261 3930 269 3971 :
288 3917 398 3974 tantus
415 3903 543 3973 tumido
560 3903 602 3973 de
620 3907 749 4000 gurgite
769 3909 893 4002 surgit,

73 4024 273 4118 spumosum
291 4020 446 4093 attollens
464 4024 609 4115 apicem,
630 4022 790 4118 lapsuque
809 4049 930 4095 sonoro
