2812 5258
120 374 180 440 348
504 381 806 438 ADNOTATIONES

121 493 225 565 ruam,
239 497 325 569 cujus
338 498 452 574 ignibus
466 518 531 554 cum
546 498 625 575 [fort.
642 503 721 569 Iam,
737 501 756 556 i.
773 521 797 557 e.
812 503 945 581 primunt]
955 504 1094 582 flagrasse
1104 510 1189 568 Idam

123 605 156 642 ac
174 607 245 643 mox
260 592 447 646 continuante
463 589 573 646 flamma
588 591 709 648 deorum
727 593 848 650 delubra
860 601 1035 656 concremari
1050 621 1188 658 omnem·

126 700 185 754 que
199 682 347 741 civitatem
361 686 390 740 in
406 685 512 740 cineres
532 687 706 759 conlapsam.
726 688 799 743 lude
813 708 884 765 ergo
899 691 937 745 ait
954 712 960 746 ι

232 856 354 924 Plenaque
368 855 469 906 materni
483 855 590 906 referens
604 857 716 925 presagia
730 860 835 911 somni-
923 932 928 941 .

128 1023 194 1077 Hac
207 1021 354 1094 supposita
367 1020 508 1078 inlocum
521 1021 694 1096 antiquioris
708 1024 810 1080 scholii
828 1024 865 1080 ad
878 1044 905 1080 v.
924 1043 969 1081 aa.
988 1029 1057 1085 Sine
1072 1049 1184 1088 neces·

130 1113 208 1169 ritate
227 1112 375 1188 castigavit
392 1113 526 1170 Menkius
540 1134 547 1168 :
562 1137 575 1164 ιι
585 1113 715 1171 incautas
729 1119 805 1171 elom
818 1118 1009 1192 depopulatus.
1020 1142 1036 1169 n

172 1205 229 1260 Sed
243 1207 356 1260 tardum
375 1219 435 1271 est,
453 1204 520 1276 jam
534 1209 626 1281 plena
641 1205 678 1282 (v.
697 1205 756 1284 47).
772 1209 839 1263 Exc.
855 1210 939 1284 Burg.
954 1229 1017 1266 tus.
1032 1212 1153 1268 tardum
1171 1236 1179 1268 :

133 1300 217 1375 plena
231 1310 273 1353 est
287 1298 338 1372 inj.
348 1323 364 1350 n
378 1299 490 1355 Deinde
506 1301 646 1355 secundus
659 1301 772 1375 limitet
784 1312 826 1356 est
834 1303 993 1375 Neptunus

173 1407 310 1479 AEqnomo
330 1406 455 1479 diffusus
476 1416 592 1460 nectare
612 1404 650 1483 (v.
667 1405 726 1484 53).
750 1431 765 1458 α
778 1407 901 1463 Praebito
923 1427 940 1464 a
960 1427 1070 1464 summo
1088 1411 1181 1467 mnis

132 1497 259 1553 domino.
283 1498 338 1553 Vel
364 1497 446 1573 quod
470 1497 659 1554 conveniebat
687 1510 796 1555 natura
820 1518 1021 1574 aequoreorum
1053 1501 1182 1558 deorum

132 1590 277 1646 alendae.»
296 1593 394 1648 Gnoss.
1019 1575 1025 1583 ⁸

172 1685 382 1760 Scopulosoque
400 1696 461 1740 cete
476 1682 513 1761 (v.
530 1681 587 1760 55).
602 1685 793 1759 Scopulorum
806 1685 928 1759 speciem
941 1685 1106 1758 praebentia.

174 1791 331 1845 pensamus
343 1789 472 1865 praemia
490 1791 602 1864 pabnae
618 1788 657 1868 (ι.
677 1787 738 1867 69).
763 1806 779 1844 a
805 1792 894 1866 Regg.
914 1809 921 1845 τ
943 1792 1077 1865 «gaudia
1099 1811 1147 1866 p.,
1164 1819 1180 1843 a

133 1884 214 1956 qnod
230 1901 295 1938 sanc
311 1901 411 1937 verum
424 1901 485 1939 esse
496 1882 619 1939 videtur.

174 1991 232 2043 Ant
239 1987 375 2063 pennatte
378 1987 489 2059 fretum
502 1987 540 2058 (v.
556 1988 612 2065 73).
629 1991 674 2045 Sc.
694 1989 779 2058 mihi,
797 2008 833 2045 ex
851 2008 931 2064 seqq.
947 1988 1116 2046 Wakefield.
1136 1994 1183 2045 ad

133 2083 255 2149 lucret,
272 2101 312 2152 rr,
327 2083 400 2157 692,
414 2083 494 2139 malie
508 2084 571 2137 «Et
583 2101 650 2156 p.,»
667 2085 724 2139 hoc
738 2101 821 2139 sensu
835 2102 842 2137 ε
861 2084 960 2138 Obrue
974 2101 1085 2157 puppes
1099 2083 1181 2140 freto

132 2174 234 2229 emisso
249 2186 277 2231 et
291 2177 353 2231 illas
367 2176 540 2250 corripiente

170 2270 278 2323 Ductor
288 2289 427 2344 aquarum
441 2268 479 2344 (v.
502 2266 559 2345 78).
574 2270 659 2324 Multi
673 2268 757 2324 codd.
777 2289 784 2322 :
804 2292 819 2320 u
828 2280 918 2324 rector
930 2287 975 2343 aq.
984 2293 1000 2320 n

172 2375 285 2429 filmera
303 2387 427 2429 matrum
450 2373 492 2449 (v.
515 2374 584 2449 85)?
597 2375 705 2430 Waket‘.
721 2376 765 2427 ad
779 2377 902 2442 Lucret,
917 2394 971 2443 ιιι,
988 2372 1044 2448 893
1061 2394 1067 2427 :
1082 2397 1098 2424 α
1108 2378 1181 2429 uul-

130 2481 199 2518 nem
214 2483 251 2517 ιιι.
266 2487 282 2513 n
300 2465 358 2518 Sed
370 2466 426 2519 hoc
441 2464 510 2518 dicit
527 2483 535 2516 :
550 2483 609 2517 non
632 2474 664 2516 tu
677 2465 736 2516 sola
750 2464 836 2515 funus
855 2465 986 2532 habebis,
1000 2465 1050 2517 sed
1067 2476 1182 2522 matres

131 2555 215 2612 etiam
235 2554 372 2630 Phrygiae.
390 2586 431 2596 —
450 2555 516 2627 Seq.
530 2574 558 2608 v.
574 2554 654 2609 MSS.
671 2552 873 2626 Oudendorpii
892 2571 937 2627 ap.
960 2555 1111 2610 Burmann.
1132 2562 1184 2612 od

131 2647 248 2704 Antdol.
263 2650 330 2713 lot,
352 2647 409 2702 tol.
431 2666 460 2717 1,
473 2666 503 2721 p.
518 2646 554 2718 73
571 2648 701 2720 :tepidos
716 2647 800 2702 modo
810 2648 944 2721 songttt'rre
956 2647 1059 2702 Teucro
1074 2648 1108 2702 U.
1129 2671 1154 2705 e.

175 2755 311 2809 Hectoreo
333 2752 460 2807 tardabit
466 2752 572 2824 funere
587 2772 683 2808 currus
696 2751 735 2828 (v.
750 2749 809 2829 88).
823 2752 946 2808 Statiano
959 2752 1047 2828 magis
1062 2764 1091 2808 et
1106 2772 1176 2811 vera

132 2866 177 2902 me
185 2846 282 2918 judice
297 2855 339 2900 est
348 2845 432 2901 lectio
446 2845 601 2915 Lactantii,
611 2846 710 2913 etiarn,
720 2844 773 2900 nisi
785 2845 875 2913 fallor,
890 2844 919 2898 in
934 2845 996 2918 ipso
1006 2856 1085 2901 textu
1100 2865 1174 2902 con·

132 2939 230 3011 spieua
240 2937 347 2993 codicis
360 2940 429 3012 ch.
447 2939 543 3005 8040:
557 2949 601 2993 «t.
614 2940 739 3010 pondere
750 2956 804 3005 c.,»
819 2937 901 3009 cujus
915 2941 1002 2994 altera
1017 2941 1109 3014 glossa
1122 2952 1172 2995 est.

132 3031 213 3085 Idem
228 3030 293 3085 cod.
308 3030 344 3085 ad
357 3050 416 3103 seq.
432 3049 458 3084 v.
474 3051 481 3084 :
497 3055 509 3080 a
523 3033 586 3087 Hoc
606 3031 721 3104 quidem
739 3030 826 3084 habet
840 3031 935 3086 t'nbula
950 3051 957 3084 τ
977 3033 1131 3104 Neptunus
1145 3045 1174 3089 et

131 3124 239 3195 Apollo
266 3123 360 3194 Trojae
383 3122 595 3178 fabricaverunt
617 3141 712 3177 muros
734 3141 751 3177 a
772 3123 968 3179 Laomedonte
990 3124 1097 3196 rogati3
1121 3125 1175 3180 sed

132 3225 242 3270 constat
261 3216 485 3270 Laomedontem
499 3234 584 3289 supra
599 3214 679 3269 dictis
693 3215 755 3269 Diis
769 3226 873 3270 certam
892 3215 1002 3271 vovisse
1022 3216 1174 3288 pecuniam

131 3307 167 3361 nd
181 3326 256 3362 sacra
273 3306 417 3375 iacienda,
435 3326 522 3380 quam
535 3317 601 3379 post
615 3306 759 3361 conditam
771 3308 888 3378 'frojam
901 3308 969 3363 dare
982 3308 1082 3363 noluit.
1093 3311 1173 3381 Ergo

130 3400 223 3453 Deum
241 3399 343 3454 iratum
360 3398 500 3469 ostendit,
514 3417 604 3472 quum
621 3397 691 3452 dicit
708 3417 805 3453 muros
818 3399 959 3471 Trojanos
974 3419 1061 3474 opera
1082 3400 1172 3454 irrata

132 3507 197 3545 esse.
212 3491 295 3547 Unde
310 3491 444 3567 Virgilius
460 3490 550 3568 [AEn.,
568 3510 608 3557 ιι,
624 3490 657 3545 6ι
667 3489 694 3565 1]
707 3491 743 3546 de
758 3492 902 3548 eversione
917 3493 1030 3565 Trojae:

234 3665 359 3728 Neptunus
375 3681 455 3714 muros
468 3680 600 3745 magnoque
615 3675 693 3714 emota
709 3665 804 3715 tridenti

236 3745 399 3796 Fundamenta
413 3747 496 3812 quatit.
504 3771 516 3789 ι·

172 3913 327 3969 credideris
345 3910 384 3991 (v.
404 3910 464 3990 91).
479 3915 549 3989 Reg.
568 3933 579 3967 1
604 3935 610 3967 :
629 3915 760 3982 crederis,
778 3927 809 3971 ut
825 3918 955 3972 Mcnlius
971 3918 1138 3990 conjecerat.

171 4008 275 4064 Gavisa
287 4010 354 4064 Ioer's
370 4005 407 4087 (ir.
427 4010 500 4084 roa).
515 4009 561 4065 Fr.
580 4009 674 4067 Medii
688 4009 752 4066 cod.
769 4029 775 4064 :
791 4013 853 4066 Ioci.

23 4756 281 4944 Α
