2812 5258
300 407 352 470 ut
422 459 426 466 ,
625 396 836 453 ruauunos
859 395 970 451 amsa
991 395 1028 449 x.
1235 397 1267 457 (s.
1284 397 1336 462 ἡ.)

295 528 542 620 Pracipuaeque
559 547 676 591 manus
694 547 702 588 :
720 522 821 591 subiit
844 518 975 590 ultricia
993 520 1125 614 Tydeus

294 648 434 715 Tartara
455 670 463 711 τ
484 666 572 711 mors
593 641 737 709 subitam
762 641 848 736 nigri
869 655 979 735 stupet
999 641 1135 734 auguris
1154 641 1307 709 umbram
1329 667 1337 710 ε

294 773 441 837 Ismenos
457 764 561 857 raptis
580 776 688 833 tumet
705 761 985 857 Hippomedontis
1003 763 1124 854 opimis
1141 788 1149 828 :

295 885 420 958 Arcada
437 881 607 978 belligeris
623 882 728 977 pudet
743 905 965 951 annumerare
981 883 1124 976 tropaeis.

295 1011 332 1077 ln
351 1005 505 1073 manibus
522 1028 648 1073 merces
668 1026 852 1094 :nusquam
870 1003 978 1097 capita
991 1001 1095 1069 ardua
1111 1000 1190 1070 belli

293 1129 553 1217 Monstrataeque
570 1123 692 1193 ducum
711 1137 847 1217 septena
867 1146 927 1216 per
943 1124 1078 1217 agmina
1095 1124 1211 1191 cristae.

293 1244 426 1316 Scilicet
442 1244 574 1314 Adrasti
591 1244 737 1330 senium,
755 1242 923 1337 fraterque
934 1243 1075 1335 juventa

291 1367 406 1460 Pejor,
424 1381 458 1434 et
474 1367 598 1436 insanis
617 1369 793 1460 Capaneus
810 1365 1009 1434 metuendus
1025 1366 1059 1432 in
1077 1364 1198 1433 armis?

290 1493 342 1558 Ite
358 1513 433 1581 age,
450 1503 483 1555 et
500 1487 642 1555 obsessis
659 1485 776 1580 vigiles
794 1485 999 1555 circumdate
1019 1487 1177 1555 flammas.

290 1607 382 1679 Nulli
404 1633 445 1676 ex
462 1610 558 1678 hoste
578 1622 706 1674 metus:
727 1604 872 1699 praedam
894 1609 1068 1676 asservatis
1089 1632 1237 1702 opesque

290 1735 516 1799 Jamvestras.
534 1757 551 1792 »
569 1729 625 1796 Sic
643 1723 699 1796 ille
717 1742 827 1823 truces
847 1727 1035 1796 hortatibus
1053 1728 1168 1822 implet

290 1849 521 1921 Labdacidas:
536 1851 631 1942 juvat
649 1850 826 1920 exhaustos
846 1851 966 1919 iterare
984 1850 1125 1921 labores.

290 1974 383 2042 Sicut
397 1986 468 2042 erat
483 1969 613 2065 pulvis,
631 1971 814 2065 sudorque,
834 1996 1002 2068 cruorque
1021 1997 1086 2069 per,
1097 1988 1189 2043 artus

289 2094 415 2162 Mixtus
431 2092 563 2181 adhuc,
582 2108 712 2161 vertere
732 2091 874 2188 gradum
894 2119 902 2161 :
924 2095 977 2161 vix
997 2094 1095 2163 obvia
1114 2096 1201 2187 passi

289 2210 485 2305 Colloquia,
508 2212 680 2307 amplexus
701 2214 823 2298 etiam,
842 2212 1041 2307 dextrasque
1060 2237 1196 2282 suorum

288 2335 471 2401 Excussere
490 2333 638 2401 humeris
659 2358 667 2399 :
691 2347 771 2400 tunc
791 2332 953 2418 frontem,
969 2356 1151 2424 aversaque
1169 2346 1262 2425 terga

288 2453 421 2536 Partiri,
441 2448 650 2544 laterumque
666 2452 772 2534 sinus,
793 2449 917 2518 vallum
933 2451 1082 2544 undique
1094 2453 1232 2546 cingunt

288 2573 425 2669 Ignibus
442 2570 569 2640 infestis
586 2596 593 2637 :
612 2571 720 2640 rabidi
737 2573 783 2640 sic
800 2573 934 2667 agmine
952 2569 1058 2641 multo

288 2693 356 2761 Sub
380 2707 510 2763 noctem
536 2694 646 2762 coiere
665 2691 755 2787 lupi,
776 2717 859 2786 quos
879 2694 1034 2764 omnibus
1051 2696 1137 2788 agris

289 2812 345 2882 Nil
362 2838 430 2881 non
446 2813 640 2882 ausafames
655 2812 758 2910 longo
776 2817 927 2884 tenuavit
944 2815 1046 2883 hiatu.

289 2937 360 3001 Jarn
380 2932 510 3003 stabula
530 2936 600 3029 ipsa
620 2950 780 3029 premunt
805 2961 813 3002 :
837 2947 971 3027 torquet
990 2960 1064 3029 spes
1084 2937 1177 3004 irrita
1198 2936 1321 3023 lauces,

289 3039 488 3148 Balatusque
506 3070 669 3143 tremens,
691 3057 896 3149 pinguesque
914 3054 956 3122 ab
976 3054 1118 3124 ovilibus
1137 3082 1235 3125 aurae.

287 3175 390 3262 Quod
408 3192 577 3269 superest,
597 3177 690 3246 duris
711 3177 902 3269 allraugunt
920 3177 1077 3269 postibus·
1089 3203 1234 3272 ungues,

288 3295 510 3387 Pectoraque,
529 3311 562 3364 et
580 3299 684 3365 siccos
701 3298 856 3365 minuunt
877 3299 911 3364 in
929 3296 1043 3365 limine
1060 3297 1187 3366 dentes.

335 3418 380 3481 At
399 3414 515 3507 procul
535 3415 680 3510 Argolici
700 3414 840 3510 supplex
860 3419 894 3484 in
918 3421 1067 3513 margine
1088 3418 1203 3511 templi

287 3536 418 3617 Coetus,
436 3551 470 3604 ct
487 3536 529 3605 ad
547 3538 668 3629 patrias
684 3537 764 3607 susae
785 3537 977 3632 Pelopeides
999 3565 1072 3608 aras

288 3655 495 3750 Sceptriferae
508 3660 527 3724 J
529 3659 648 3727 unonis
665 3682 785 3752 opem,
800 3660 1012 3754 reditumque
1025 3686 1162 3730 suorum

287 3780 493 3869 Exposcuut,
512 3779 682 3874 pictasque
700 3780 802 3870 fores,
817 3797 850 3850 et
867 3781 985 3876 frigida
1006 3783 1101 3852 vultu

287 3901 370 3964 Saxa
393 3914 521 3985 terunt,
541 3925 727 3995 parvosque
745 3902 868 3970 docent
888 3906 1108 3997 procumbere
1128 3921 1233 3974 natos.

334 4020 562 4090 Condiderant
577 4023 647 4116 jam
664 4019 739 4092 vota
755 4024 868 4093 diem:
890 4050 955 4094 nox
973 4027 1085 4096 addita
1106 4054 1200 4096 curas
