2812 5258
297 422 332 456 ιω
617 399 829 453 annuamus
852 399 961 451 mann
985 399 1032 451 ιν.
1227 396 1259 456 (v.
1273 398 1343 465 sn.)

293 531 435 622 PignuS,
458 543 491 596 et
508 526 668 619 oppositis
686 522 837 591 Semelen
855 549 874 591 a
892 539 1006 591 ventre
1025 523 1163 592 lacertis,

294 649 443 716 Penthea
454 648 523 739 jam
543 645 654 712 fractis
674 645 818 738 genitrix
835 643 994 711 Cadmeia
1012 645 1151 737 thyrsis,

294 773 367 836 Jam
390 767 522 834 dimissa
538 769 627 851 Deo,
645 767 829 858 pectusque
846 764 1004 856 adaperta
1026 781 1221 851 cruentum,

294 890 487 980 Insequitur
507 885 641 978 planctu
660 912 667 951 :
688 885 774 979 fugit
794 883 849 953 ille
867 910 926 976 per
947 887 1022 952 avia
1040 887 1184 970 Lethes,

291 1012 337 1108 ¹Et
357 1009 508 1101 Stygios,
529 1032 733 1100 superosque
753 1004 860 1092 lacus,
883 1007 939 1072 ubi
960 1008 1073 1074 mitior
1091 1004 1186 1074 illurn

293 1113 369 1197 'Flet
387 1142 500 1221 pater,
522 1142 553 1194 et
572 1125 720 1195 lacerum
738 1128 912 1219 componit
930 1152 1051 1219 corpus
1073 1129 1214 1195 Echion.

294 1251 439 1316 Tristem
463 1250 730 1340 nosco'Lycum,
750 1247 968 1343 dextramque
986 1248 1020 1313 in
1043 1262 1136 1340 terga
1152 1248 1312 1314 rollenum

293 1349 465 1454 ¹AEoliden,
489 1370 628 1436 humero
647 1369 831 1460 jactantem
852 1368 952 1435 funus
973 1383 1105 1435 onusto.

292 1493 367 1587 ,Nec
389 1492 469 1558 dum
486 1488 540 1557 ille
559 1505 618 1555 aut
640 1488 788 1570 habitus,
807 1504 866 1555 aut
884 1513 984 1555 versae
1004 1489 1143 1555 crimina
1161 1488 1274 1554 formae

291 1597 411 1679 'Mutat
427 1612 566 1679 Aristaeo
586 1609 718 1701 genitus
741 1634 748 1671 τ
772 1608 863 1674 frons
885 1633 1001 1700 aspera
1023 1634 1145 1687 cornu,

293 1694 377 1844 {Tela
398 1755 515 1814 manu,
535 1730 707 1822 rejicitque
719 1753 822 1796 ‘canes
841 1730 873 1794 in
893 1727 1014 1795 vulnus
1033 1727 1174 1797 hiantes.

299 1857 385 1922 Ecce
406 1866 517 1920 autem
538 1875 657 1944 magna
677 1851 766 1918 subit
784 1851 947 1918 invidiosa
965 1863 1099 1917 caterva

213 2013 220 2019 «
301 1970 450 2040 Tantalis
463 2025 471 2059 ,
483 1977 526 2040 'et
544 1971 672 2040 tumido
693 1970 865 2064 percenset
885 1970 1003 2039 funera
1023 1970 1135 2056 luctu,

54 4756 251 4974 ’ἱ

303 2093 358 2161 Nil
379 2094 505 2187 dejecta
525 2092 646 2161 malis:
664 2096 758 2187 jurat
776 2093 931 2187 effugisse
950 2097 1101 2162 Deorum

302 2215 474 2296 Numina,
496 2231 529 2281 et
550 2217 672 2282 insanae
693 2215 767 2306 plus
786 2216 854 2304 jam
873 2217 1068 2307 permittere
1090 2212 1252 2304 liuguae.»

352 2330 446 2400 Talia
467 2335 546 2415 dum
566 2336 653 2427 patri
675 2335 764 2401 canit
785 2336 984 2401 intemerata
1006 2331 1176 2417 sacerdos,

304 2454 400 2524 lllius
419 2451 514 2521 elatis
532 2453 727 2521 tremefacta
745 2478 918 2545 assurgere
936 2456 1030 2522 vittis

307 2575 469 2661 Canities,
488 2576 648 2667 tenuique
667 2570 793 2668 impelli
810 2576 975 2668 sanguine
998 2573 1119 2642 vultus.

307 2701 379 2767 Nec
395 2699 462 2790 jam
483 2695 631 2764 firmanti
652 2694 787 2781 baculo,
809 2720 870 2763 nec
889 2696 1018 2790 virgine
1038 2696 1103 2763 lida

309 2820 440 2888 Nititur
457 2845 464 2886 :
483 2822 681 2910 erectusque
697 2817 782 2887 solo:
808 2821 971 2888 «Desiste
990 2814 1164 2901 canende,

311 2943 414 3025 Nata,
434 2943 497 3026 ait3
522 2955 667 3008 externae
685 2942 763 3008 satis
781 2957 831 3009 est
847 2941 929 3007 mihi
950 2939 1049 3021 lucis;
1073 2939 1197 3006 inertes

310 3059 497 3129 Discedunt
515 3059 661 3148 nebulae,
683 3077 715 3128 ct
736 3060 867 3129 vultum
887 3062 982 3154 niger
1005 3061 1098 3126 exuit
1118 3085 1183 3126 aer.

312 3173 506 3267 Umbrisne,
528 3207 571 3249 an
589 3207 710 3275 supero
729 3207 781 3249 me
800 3183 919 3249 missus
937 3178 1093 3273 Apolline
1114 3178 1258 3270 complet

312 3300 480 3393 Spiritus?
497 3312 537 3368 en
557 3301 655 3371 video
672 3326 876 3394 quaecunque
894 3301 1020 3369 audita.
1041 3302 1106 3370 Sed
1125 3325 1200 3369 ecce

313 3422 458 3488 Moerent
478 3421 623 3514 Argolici
643 3422 773 3513 dejecto
790 3419 917 3491 lumine
940 3447 1064 3490 manes.
1151 3467 1153 3472 .

313 3544 444 3610 Torvus
463 3541 564 3627 Abas,
585 3545 783 3634 Proetusque
806 3567 946 3629 nocens,
969 3545 1126 3634 mitisque
1149 3541 1370 3620 Phoroneus,

313 3665 568 3753 Truncatusque
587 3660 726 3755 Pelops,
744 3677 777 3731 et
796 3689 882 3733 saevo
900 3663 1040 3757 pulvere
1059 3663 1197 3730 sordens

316 3787 527 3864 OEnomaus,
549 3780 649 3878 largis
668 3784 861 3853 humectant
883 3785 1049 3855 imbribus
1067 3808 1136 3851 ora.

317 3909 473 3997 Auguror
491 3904 570 3972 hinc
587 3905 710 3974 Thebis
727 3903 806 3974 belli
825 3904 964 3973 meliora
983 3932 989 3971 :
1009 3905 1091 3998 quid
1112 3918 1222 3971 autem

319 4025 362 4094 Hi
379 4048 478 4119 grege
492 4022 661 4094 condenso
675 4025 855 4120 (quantum
870 4051 965 4095 arma
979 4042 1013 4093 et
1028 4025 1166 4094 vulnera
1181 4031 1371 4088 monstrant
