2812 5258
324 442 376 501 140
663 434 692 485 P.
714 431 834 486 PUBLll
854 429 974 484 STATll
1226 425 1343 488 (tt-170.)

366 565 502 652 Jamque
520 556 642 626 cadunt
659 557 784 644 vultuS,
801 556 967 648 oculisque
984 552 1178 620 novissimus
1193 574 1300 637 error,

320 680 515 769 Obtusaeque
531 701 639 762 aures,
658 678 721 745 nisi
736 700 837 769 quum
855 700 917 743 vox
936 670 1004 741 sola
1019 671 1128 738 mariti

320 798 474 866 Noscitur
496 823 504 864 :
526 794 618 865 illum
638 820 741 865 unum
762 795 867 863 media
884 794 925 862 de
943 806 1048 861 morte
1066 814 1195 858 reversa

319 919 414 984 Mens
429 916 533 1001 videt;
548 914 641 983 illum
656 917 749 1009 aegris
765 912 946 983 circumdat
960 912 1088 979 fortiter
1102 906 1188 978 ulnis

318 1038 473 1104 Immotas
488 1037 624 1104 obversa
639 1059 753 1128 genas3
769 1058 828 1102 nec
843 1031 910 1101 sole
925 1054 1076 1124 supremo

319 1157 477 1240 Lumina,
492 1155 549 1224 sed
565 1153 652 1224 dulci
669 1153 792 1223 mavult
806 1155 923 1222 satiare
938 1153 1065 1220 marito.

318 1278 411 1343 Tunc
429 1277 474 1344 sic
493 1276 685 1343 unanimum
705 1274 847 1343 moriens
864 1270 987 1341 solatur
1002 1283 1190 1339 amantem:

366 1397 471 1463 «Pars
487 1396 603 1463 animae
619 1395 745 1462 victura
761 1417 855 1477 meae,
871 1392 924 1459 cui
944 1389 1091 1483 linquere
1108 1411 1236 1482 possem

319 1516 350 1581 Ο
369 1514 494 1581 utinam
513 1538 595 1606 quos
614 1512 697 1581 dura
712 1513 793 1580 mihi
810 1512 897 1603 rapit
912 1511 1056 1601 Atropos
1076 1531 1193 1596 annos,

318 1636 432 1719 Parce,
450 1657 580 1726 precor,
601 1632 768 1725 lacrymis,
785 1655 868 1699 saevo
886 1654 946 1698 nec
964 1642 1101 1696 concute
1117 1626 1251 1720 planetu

317 1755 471 1839 Pectora,
489 1776 550 1821 nec
569 1754 678 1820 crucia
694 1751 872 1844 fugientem
891 1749 1037 1842 conjugis
1053 1747 1213 1816 umbram.

317 1870 447 1962 Linquo
463 1870 614 1963 equidem
631 1870 805 1957 thalamos,
821 1868 910 1938 salvo
931 1883 1038 1937 tamen
1056 1867 1186 1955 ordine,
1204 1880 1341 1936 moestos

317 1988 417 2075 Quod
436 1991 526 2082 prior
545 1992 636 2084 exegi
653 1989 750 2084 longa
767 1990 894 2082 potiora
913 2001 1042 2056 senecta

316 2109 497 2200 Tempora3
513 2108 580 2177 vidi
600 2110 690 2176 omni
708 2123 739 2176 te
758 2107 885 2201 pridem
903 2108 937 2174 in
954 2107 1034 2175 [lore
1051 2108 1224 2194 nitentem,

317 2226 394 2295 Vidi
414 2227 486 2296 altae
505 2230 639 2322 propius
660 2230 859 2322 propiusque
878 2225 1029 2295 accedere
1046 2226 1168 2295 dextrae
1184 2251 1193 2294 τ

317 2345 392 2415 Non
412 2347 446 2413 in
467 2361 498 2414 te
516 2349 619 2434 Fatis,
640 2373 706 2416 non
719 2350 787 2440 jam
805 2346 996 2416 Caelestibus
1016 2346 1091 2416 ullis

315 2463 512 2549 Arbitrium3
532 2488 658 2531 mecum
677 2467 738 2533 ista
754 2467 824 2533 sero
841 2491 849 2532 ε
868 2480 903 2533 tu
920 2465 1023 2534 limite
1041 2482 1147 2561 ooepto

315 2581 427 2650 Tende
446 2579 565 2668 libens',
585 2607 777 2673 sacrumque
795 2581 895 2670 latus,
915 2587 1123 2678 Geniumque
1141 2599 1314 2679 potentem

314 2700 513 2795 Irrequietus
532 2726 630 2771 ama:
648 2726 751 2788 nunc,
771 2703 861 2796 quod
880 2705 972 2799 cupis
990 2707 1059 2800 ipse
1073 2705 1198 2799 juberi,

315 2822 365 2886 Da
385 2820 577 2913 Capitolinis
597 2836 753 2891 aetemum
773 2822 901 2893 sedibus
921 2850 1058 2909 aurum,

314 2940 391 3025 Quo
407 2941 532 3009 niteant
549 2925 631 3009 sacri
646 2957 785 3010 centeno
800 2945 945 3037 pondere
960 2944 1070 3014 vultus

314 3057 464 3143 Caesaris,
484 3073 516 3127 et
535 3062 673 3153 propriae
691 3061 946 3155 signacultricis
964 3081 1120 3133 amorem.

312 3174 365 3241 Sic
383 3199 443 3268 ego
459 3202 519 3246 nec
535 3181 665 3268 Furias,
681 3205 741 3249 nec
758 3181 918 3251 deteriora
934 3184 1052 3251 videbo

312 3293 460 3381 Tartara,
478 3310 510 3363 et
523 3296 645 3389 Elysias
664 3297 740 3368 felix
754 3300 910 3369 admittar
927 3303 960 3368 in
980 3326 1091 3370 oras.»

359 3413 434 3478 Hac
451 3410 530 3479 dicit
545 3413 670 3503 labens,
688 3420 856 3511 sociosque
873 3417 1081 3511 amplectitur
1099 3436 1204 3511 artus,

312 3528 560 3621 Haerentemque
580 3535 721 3601 animam
742 3562 808 3603 non
828 3539 930 3605 tristis
950 3539 1059 3607 incra
1080 3542 1189 3610 mariti
1238 3600 1243 3608 .

310 3646 505 3737 Transtulit,
521 3663 552 3717 et
572 3674 647 3718 cara
665 3655 780 3745 pressit
799 3680 858 3724 sua
875 3654 998 3727 lumina
1015 3660 1137 3730 dextra.

309 3767 352 3833 At
366 3766 511 3858 juvenis,
529 3795 648 3865 magno
668 3772 851 3843 flammatus
871 3792 1003 3869 pectora
1024 3778 1132 3868 luctu,
1170 3854 1174 3859 ,

311 3885 408 3953 Nunc
428 3887 540 3981 implet
559 3915 642 3959 saevo
660 3891 776 3961 viduos
793 3893 934 3964 clamore
950 3912 1099 3991 penates,

310 4004 408 4073 Nunc
428 4005 549 4075 serrum
569 4005 678 4078 laxare
697 4014 802 4104 cupit;
822 4039 909 4085 nunc
928 4016 1031 4086 ardua
1049 4014 1156 4087 tendit
