2812 5258
96 435 130 497 (v.
143 432 213 497 ess.)
391 427 601 484 suasuros
623 425 732 481 ursan
753 426 818 480 x11.
1074 428 1129 484 253

97 558 268 641 Nubibus,
283 571 316 623 et
336 555 479 622 tonitrus
498 555 679 643 insanaque
697 548 837 617 fulmina
855 551 1008 644 gaudent.

143 681 213 746 Icta
232 677 334 771 gemit
352 673 469 742 tellus:
488 671 607 741 virides
624 671 734 765 gravis
754 669 878 765 ungula
899 696 1033 766 campos

95 800 219 884 Mutat,
235 811 267 865 et
283 795 464 864 innumeris
481 791 697 886 peditumque
712 792 927 884 equitumque
945 793 1085 860 catervis

95 918 249 1009 Exspirat
267 915 427 1009 protritus
444 936 535 1006 ager,
552 935 612 979 nec
630 908 766 1004 pulvere
785 934 895 979 crasso

95 1042 273 1106 Armorum
293 1033 350 1103 lux
369 1036 454 1101 vieta
472 1032 577 1124 perit,
594 1029 651 1097 sed
669 1032 703 1096 in
723 1030 845 1099 aethera
863 1029 1002 1126 longum

95 1158 284 1250 Frangitur,
301 1169 335 1222 et
355 1151 470 1221 mediis
487 1150 605 1219 ardent
623 1150 657 1216 iu
678 1149 822 1217 nubibus
842 1152 953 1219 hastae.

95 1277 236 1345 Noctem
253 1274 352 1360 adeo,
369 1270 578 1365 placidasque
597 1272 690 1363 operi
707 1270 847 1362 junxere
868 1272 1038 1358 tenebras,

94 1398 339 1487 Certamenque
358 1394 500 1460 immane
520 1393 617 1478 viris,
638 1415 704 1483 quo
723 1392 854 1459 concita
873 1391 1012 1460 tendant

95 1518 257 1610 Agmina,
275 1514 350 1608 quis
367 1514 452 1581 visas
471 1511 653 1606 proclamet
672 1511 714 1578 ab
733 1536 852 1606 aggere
870 1513 1018 1595 Thebas,

95 1636 198 1728 Cujus
217 1637 251 1703 in
270 1634 399 1728 Ogygio
415 1647 476 1701 stet
495 1633 649 1727 princeps
668 1629 781 1701 lancea
802 1657 909 1700 muro.
965 1661 967 1664 ·

142 1758 185 1823 At
204 1753 318 1849 procul
336 1755 461 1847 ingenti
478 1752 671 1845 Neptunius
691 1752 825 1845 agmina
843 1753 989 1821 Theseus

95 1880 261 1968 Augustat
279 1874 414 1968 clypeo,
432 1874 640 1967 propriaeque
658 1871 794 1939 exordia
811 1869 938 1960 laudis,

94 1997 239 2064 Centum
255 1994 355 2061 urbes
374 1991 517 2061 umbone
535 1993 637 2084 gerit,
657 2003 863 2082 centenaque
880 1994 987 2060 Cretae

94 2114 237 2196 Moenia;
254 2135 353 2204 seque
373 2112 481 2205 ipsum
502 2111 677 2178 monstrosi
700 2109 893 2202 ambagibus
913 2114 1000 2178 antri

93 2230 233 2325 Hispida
253 2243 461 2323 torquentem
482 2229 637 2298 luctantis
654 2225 740 2297 colla
756 2228 908 2321 juvenci,

95 2350 314 2443 Alternasque
332 2374 449 2418 manus
467 2350 611 2436 circum,
630 2365 663 2417 et
680 2350 806 2418 nodosa
824 2348 982 2444 ligantem

94 2472 253 2559 Brachia,
271 2486 304 2540 et
322 2470 465 2539 abducto
486 2471 645 2539 vitantem
663 2495 788 2539 cornua
805 2469 913 2540 vultu.

94 2594 215 2661 Terror
235 2592 335 2659 habet
352 2588 512 2684 populos,
532 2615 636 2683 quum
655 2606 767 2685 septus
788 2592 933 2685 imagine
955 2605 1051 2659 torva

94 2711 282 2806 Ingreditur
301 2735 453 2805 pugnas:
471 2711 522 2779 bis
541 2711 687 2795 Thesea,
708 2711 825 2802 bisque
845 2725 1000 2778 cruentas

92 2833 191 2902 Caede
212 2833 324 2902 videre
343 2858 484 2902 manus:
504 2848 627 2901 veteres
645 2832 868 2900 reminiscitur
886 2847 978 2900 actus

93 2956 168 3046 Ipse
189 2969 285 3021 tuens
299 2955 490 3046 sociumque
505 2976 653 3047 gregem,
668 2950 912 3046 metuendaque
931 2952 1100 3046 quondam

93 3074 244 3158 Limina,
262 3087 296 3141 et
312 3074 463 3142 absumto
483 3071 660 3167 pallentem
681 3072 845 3142 Gnossida
866 3071 931 3140 filo.

144 3195 256 3262 Saevus
276 3208 310 3262 at
332 3195 458 3262 interea
475 3193 564 3262 ferro
582 3208 658 3286 post
677 3207 771 3287 terga
789 3195 952 3261 revinctas

91 3315 300 3407 Antigonen,
318 3311 519 3405 viduamque
536 3315 646 3382 Creon
664 3311 841 3381 Adrastida
860 3310 925 3380 leto

93 3431 279 3500 Admovet:
295 3433 399 3501 ambae
416 3431 553 3520 hilares,
571 3447 603 3501 et
623 3434 739 3501 mortis
757 3456 870 3501 amore
891 3435 1055 3527 superbae,

92 3550 235 3618 Ensibus
254 3553 418 3621 intentant
433 3550 588 3648 jugulos,
610 3578 789 3648 regemque
807 3568 982 3622 cruentum

93 3670 307 3755 Destituunt;
325 3686 429 3765 quum
448 3673 535 3742 dicta
557 3673 664 3742 serens
682 3674 821 3742 Theseia
837 3675 983 3767 Phegeus

72 3864 75 3883 ζ
94 3786 253 3856 Adstitit:
271 3789 324 3857 ille
338 3791 474 3884 quidem
490 3794 591 3861 ramis
608 3795 748 3862 insontis
766 3790 860 3861 olivae

92 3906 268 3996 Pacificas,
285 3910 340 3977 sed
357 3909 441 3979 bella
458 3913 539 3997 ciet,
554 3910 745 4005 bellumque
763 3916 924 3999 minatur,

92 4027 228 4097 Grande
237 4029 397 4118 fremens,
408 4031 615 4125 nimiumque
626 4057 753 4103 memor
763 4030 966 4117 mandantis,
976 4048 1007 4101 et
1019 4034 1124 4126 ipsum
