2812 5258
112 416 208 482 (aas.)
238 393 240 396 ‘
411 413 626 469 rurnmoos
648 414 758 472 cmm
778 418 857 472 vm.
1098 438 1150 488 117

113 549 272 637 Saevaque
291 540 485 610 multisonas
502 555 633 608 exercet
652 542 753 610 Poeua
772 556 914 610 catenes.

113 667 195 731 Fata
210 661 321 730 lerunt
336 661 478 748 animas,
497 675 531 729 et
548 660 665 730 eodem
682 652 989 754 pollice'damnant.

114 782 227 850 Vincit
243 805 328 874 opus
344 806 351 847 :
365 783 457 874 juxta
475 782 587 850 Minos
604 806 681 850 cum
700 781 801 850 fratre
821 782 966 861 verendo

113 904 194 968 lura
210 900 319 969 mnus
336 899 473 970 meliora
490 915 620 989 monet,
637 918 813 995 regemque
834 886 1009 970 cruentum
1085 981 1087 985 y

112 1023 289 1114 Temperat
306 1047 314 1088 :
334 1019 498 1090 adsistunt
513 1019 665 1114 lacrymis
681 1035 780 1114 atque
797 1024 873 1115 igne
892 1011 1056 1091 tumentes

113 1142 255 1234 Cocytos
273 1139 563 1237 Phlegethonque;
583 1154 616 1210 et
634 1144 714 1234 Styx
732 1143 877 1235 perjuria
893 1144 1017 1212 Divum

113 1264 241 1356 Arguit.
262 1260 323 1330 Ille
341 1276 452 1330 autem
471 1285 591 1355 supera
610 1286 770 1357 compage
788 1260 913 1349 soluta,

114 1384 185 1452 Nec
206 1380 322 1452 solitus
343 1383 464 1450 sentire
483 1397 609 1470 metus,
627 1384 758 1477 expavit
777 1383 897 1452 oborta
951 1401 954 1405 ’

114 1500 246 1587 Sidera,
265 1501 480 1596 jucundaque
497 1501 644 1571 offensus
661 1501 734 1572 luce
751 1503 926 1597 profatur:

162 1650 179 1684 α
191 1621 276 1708 Quae
295 1623 458 1715 Superum
477 1621 565 1691 labes
584 1624 756 1692 inimicum
775 1625 915 1719 impegit
935 1627 1069 1694 Averno

114 1740 272 1811 AEthera?
292 1743 366 1836 quis
384 1745 511 1841 rumpit
530 1743 702 1812 tenebras?
719 1746 860 1838 viteque
877 1743 1008 1814 silentes

114 1861 300 1931 Admovet?
318 1860 408 1930 unde
422 1860 541 1930 ruinae?
558 1877 632 1930 uter
649 1863 719 1931 haec
738 1864 818 1958 mihi
837 1863 952 1957 proelia
972 1852 1139 1933 fratrum?

114 1981 322 2075 Congredior
338 2006 345 2048 :
364 1994 503 2074 pereant
521 1981 662 2075 agedum
680 1981 870 2051 discrimina
889 2008 1010 2052 rerum.

115 2104 204 2170 Nam
226 2103 280 2170 cui
300 2100 398 2170 dulce
417 2101 544 2195 magis?
564 2126 685 2195 magno
704 2126 757 2171 me
773 2104 870 2171 tertia
889 2104 1014 2172 victum

113 2221 246 2313 Dejecit
264 2219 398 2289 fortuna
413 2218 510 2317 polo,
530 2220 758 2315 mundumque
775 2237 948 2291 nocentem

113 2344 216 2409 Servo
234 2367 241 2408 :
259 2365 320 2410 nec
333 2342 394 2409 iste
414 2364 523 2428 meus,
542 2341 690 2434 dirisque
708 2366 757 2416 en
769 2344 901 2435 pervius
920 2345 1014 2411 astris

114 2462 304 2554 Inspicitur.
325 2460 529 2530 Tumidusne
547 2485 636 2532 meas
654 2476 813 2558 regnator
832 2461 967 2557 Olympi

115 2578 272 2675 Explorat
285 2580 393 2650 vires?
411 2581 520 2651 habeo
533 2583 602 2674 jam
622 2607 743 2676 quassa
759 2585 945 2678 Gigantum

116 2699 276 2789 Vincula,
297 2715 330 2768 et
347 2700 527 2770 ethereum
546 2701 685 2796 cupidos
704 2704 793 2771 exire
812 2701 873 2769 sub
891 2726 984 2771 axem

114 2820 267 2906 Titanas,
286 2821 506 2913 miserumque
523 2834 652 2914 patrem
670 2847 677 2887 :
696 2819 777 2913 quid
793 2843 846 2887 me
866 2821 934 2887 otia
951 2833 1065 2887 moesta

114 2941 242 3027 saevus,
261 2954 294 3008 et
309 2939 517 3035 implacidam
538 2938 693 3033 prohihet
712 2937 858 3032 perferre
877 2937 1044 3031 quietem?

114 3061 345 3154 Amissumque
363 3059 471 3129 odisse
489 3059 594 3128 diem?
610 3058 755 3153 pandam
772 3058 884 3150 omnip
901 3083 1021 3152 regua,

115 3181 148 3248 Si
170 3179 294 3274 placet,
313 3193 346 3248 et
366 3180 480 3274 Stygio
499 3194 674 3273 praetexam
689 3179 880 3273 ¹Hyperiona
896 3169 991 3245 coelo.

113 3299 243 3370 Arcada
261 3324 323 3368 nec
342 3301 475 3392 Superis
493 3298 595 3394 (quid
609 3300 700 3369 enim
717 3299 800 3367 mihi
820 3299 958 3367 nuntius
975 3298 1088 3368 ambas

115 3422 209 3513 Itque
225 3419 378 3513 reditque
398 3418 560 3512 domosi’)
571 3420 740 3507 emittam,
759 3433 791 3487 et
810 3419 993 3512 utrumque
1007 3406 1132 3487 tenebo

113 3536 337 3630 Tyndariden.
357 3542 428 3608 Cur
446 3553 554 3607 autem
574 3537 677 3606 avidis
694 3540 811 3607 lxiona
829 3539 947 3632 frango

115 3657 328 3726 Vorticibus?
346 3683 407 3727 cur
423 3684 492 3727 non
512 3673 703 3752 exspectant
719 3657 882 3727 Tantalon
903 3657 1019 3727 undae?

115 3780 212 3844 Anne
230 3775 442 3868 profanatum
459 3781 555 3847 toties
573 3778 684 3847 Chaos
701 3779 832 3873 hospite
850 3760 928 3847 vivo

116 3895 309 3988 Perpetiar?
325 3920 376 3964 me
391 3899 531 3967 Pirithoi
550 3900 743 3967 temerarius
760 3899 861 3967 ardor

69 4078 72 4084 .
117 4015 253 4102 Teum,
270 4031 304 4085 et
320 4016 437 4086 audaci
454 4016 598 4088 Theseus
612 4018 743 4112 juratus
763 4019 892 4086 amico:
