2812 5258
414 422 570 476 NOTITIA
590 424 826 483 Llrrnnanla.
1104 428 1133 500 iij

107 563 190 633 test,
209 570 380 640 oppressus
393 569 460 611 non
479 544 596 611 linivit.
614 550 804 613 Extremum
819 548 892 615 vitae
911 563 1036 641 tempus
1048 552 1134 621 Neu·

108 667 176 762 poli
194 667 364 757 transegit,
381 663 562 751 fastiditus,
578 677 615 731 ut
634 664 774 749 videtur,
795 691 852 757 spe
872 665 970 760 longa
988 681 1021 735 et
1043 670 1134 737 irrita

108 803 234 872 tamen,
259 783 470 853 emendandae
493 808 551 875 per
576 785 689 876 poesin
719 810 828 853 rerum
855 810 989 854 suarum
1022 788 1133 859 condi·

108 907 223 991 tionis;
253 901 442 995 compulsus
468 901 603 969 fortasse
629 904 727 970 etiam
756 901 869 972 dolore
893 906 1019 976 amissae
1047 909 1133 981 illius

107 1025 250 1092 victoria
274 1018 470 1114 capitolina.
497 1022 590 1089 Uxor
613 1045 688 1088 eum
711 1023 743 1088 in
765 1019 855 1090 illum
882 1045 1040 1095 secessum
1064 1053 1132 1097 non

106 1156 221 1236 sponte
231 1140 429 1233 sequebatur
444 1140 539 1231 (Salv.
561 1163 614 1225 ιιι,
633 1137 679 1231 5).
694 1143 876 1212 Domitiani
891 1169 964 1237 quae
973 1146 1132 1215 excedant

104 1277 248 1347 aetatcm,
266 1262 299 1327 in
313 1260 408 1328 Statii
421 1258 620 1327 carminibus
641 1284 707 1329 non
723 1265 931 1356 reperiuntur
948 1279 1131 1357 temporum

103 1379 154 1449 vel
170 1404 281 1448 rerum
300 1375 561 1446 memorabilium
575 1382 758 1448 mentiones
776 1407 783 1447 ι
803 1406 882 1449 ιιιιιιι
900 1407 978 1451 vcro
989 1408 1028 1451 ex
1044 1408 1083 1452 ca
1096 1410 1132 1453 re

102 1497 346 1591 conjiciendum
365 1499 422 1581 sit,
440 1520 515 1563 eum
532 1510 609 1569 ante
627 1500 855 1567 Domitianum
869 1500 1005 1586 obiisse,
1028 1500 1130 1571 lubrin

103 1641 179 1685 cum
197 1617 340 1685 Webcro
359 1617 465 1683 visum
486 1629 535 1683 est
551 1614 633 1684 velle
650 1616 833 1685 decernere.
856 1622 1009 1687 Attamen
1027 1642 1130 1711 quum

103 1736 246 1805 dubitari
270 1737 324 1803 vix
347 1737 466 1829 possit,
484 1736 564 1827 quin
588 1750 731 1805 extrema
756 1737 851 1804 Statii
876 1738 998 1830 scripta
1026 1740 1130 1830 possi·

102 1856 236 1925 deamus
260 1857 390 1939 omnia,
408 1880 475 1923 non
495 1869 543 1923 est
566 1880 625 1924 cur
644 1856 835 1948 repudietur
851 1856 943 1948 quod
965 1856 1043 1925 inde
1055 1857 1131 1927 elle·

102 1989 221 2042 cerunt
236 1972 390 2040 barthius
406 1972 532 2063 (Nota,
553 1999 584 2066 p.
606 1973 689 2066 366)
703 1990 735 2043 et
754 1973 958 2063 Dodwellus,
974 1975 1030 2045 lib.
1050 1978 1128 2063 cit.,

104 2117 176 2186 cap.
190 2095 249 2186 47,
261 2090 457 2159 assentiente
471 2091 665 2160 blarklando
681 2093 723 2161 ad
741 2094 818 2163 Sr'lv.
835 2119 896 2181 ιιι,
918 2093 955 2181 5,
974 2120 1017 2164 aa
1031 2148 1040 2181 ‚
1054 2120 1130 2190 poe·

104 2226 170 2279 tam
188 2211 323 2301 triginta
344 2208 491 2299 quinque
509 2232 673 2275 annorum
690 2223 832 2295 aetatem,
858 2211 908 2279 vel
925 2237 1002 2280 ann.
1025 2211 1073 2306 96
1095 2238 1127 2308 p.

102 2330 181 2399 Chr.
202 2354 257 2407 ιι.,
280 2326 330 2394 vel
346 2327 458 2419 paucis
479 2340 607 2394 tanturn
625 2326 807 2411 mensibus,
831 2326 881 2396 vel
900 2329 1037 2397 onmino
1062 2354 1130 2398 non

102 2474 171 2518 esse
187 2462 434 2538 transgressum.

581 2592 597 2657 s
616 2590 653 2644 11.

491 2808 737 2876 CARMINA.

149 3044 273 3115 Statius
292 3068 330 3111 co
346 3057 490 3133 tempore
503 3042 597 3123 vixit,
620 3064 685 3132 quo
703 3040 810 3132 poesis
823 3062 959 3107 romana
971 3037 1039 3106 fere
1055 3061 1126 3107 om·

103 3167 152 3233 nis
179 3165 214 3233 in
241 3163 493 3231 ostentationem
518 3160 653 3227 abierat.
686 3161 725 3226 In
755 3157 998 3250 antiquioribus
1026 3158 1128 3249 igitur

104 3286 206 3377 poetis
232 3284 260 3351 si
283 3295 370 3349 recte
397 3281 555 3372 quaeritur
575 3280 706 3347 nativus
729 3277 830 3364 color,
858 3275 1035 3345 affectuum
1058 3277 1131 3345 sinc

104 3400 177 3471 luco
188 3426 338 3495 expressa
358 3400 476 3467 veritas
492 3413 525 3465 et
541 3422 694 3465 sensuum
710 3398 851 3487 ingenua
873 3392 1078 3486 simplicitas,
1093 3394 1128 3461 in

106 3522 207 3589 Statio
225 3522 358 3615 ejusque
375 3515 554 3610 aequalibus
566 3516 601 3584 id
615 3513 820 3583 solummodo
838 3511 1052 3605 spectandum
1063 3525 1128 3596 est,

107 3663 173 3729 quo
188 3664 335 3709 successu
360 3663 472 3707 earum
492 3662 602 3705 reruni
623 3636 762 3728 spcciem
778 3631 921 3724 aliquam
939 3630 1001 3699 sibi
1019 3628 1128 3700 value-

108 3757 175 3824 rint
190 3758 337 3841 induere,
351 3775 384 3827 ct
403 3783 444 3825 an
460 3756 614 3825 dictionis
634 3752 685 3821 vel
706 3751 868 3845 elegantia
884 3747 934 3818 vel
949 3747 1128 3817 luminibus

106 3876 250 3945 suaviter
261 3877 412 3945 lectorem
429 3876 552 3945 fallant.
572 3879 680 3967 Atque
697 3874 795 3965 liujus
813 3872 892 3939 artis
911 3883 1034 3938 tantam
1054 3889 1129 3960 per-

108 3994 281 4065 fectionem
294 4009 325 4061 et
342 3997 454 4063 innato
471 3995 602 4085 ingenio
621 4008 652 4061 et
672 3991 878 4060 institutione
892 4000 1028 4082 paterna
1040 4004 1129 4051 excr-
