2812 5258
350 436 405 491 252
715 436 1007 492 ADNOTATIONFS

388 553 492 605 Massr's
509 554 642 607 Amerina
659 571 714 607 non
728 554 853 626 perustae
872 550 910 625 (v.
928 550 986 629 18).
1000 551 1064 606 Pin
1078 551 1212 621 dissecta,
1225 551 1258 606 in
1277 570 1390 609 musas

349 652 444 697 coacta
457 653 485 697 et
498 644 535 698 ad
547 645 634 699 solem
647 644 756 699 siccata.
770 644 843 698 Vide
857 646 1005 712 Gnonou,
1019 643 1128 708 Diam,
1141 661 1171 715 p.
1185 642 1236 698 80.

388 735 519 788 Μακιὶία
537 736 606 790 ome
620 738 658 808 (r.
678 734 740 811 33)
758 736 929 805 Nonacria,
946 735 1070 809 antiqua.
1089 735 1204 808 Optime
1224 734 1264 791 de
1283 736 1348 792 hoe
1360 755 1388 791 v.

350 826 407 901 egit
419 827 581 895 Ruhnken,
594 829 637 880 ad
647 830 730 881 llutil.
744 831 829 901 Lep„
846 846 885 897 11,
900 846 927 897 7,
939 846 969 900 p.
989 845 1042 882 roa
1056 845 1098 900 sq.

388 919 513 991 Superba
524 916 562 993 (r.
574 918 633 996 38).
649 920 671 973 1.
682 938 706 973 e.
716 930 744 973 te
752 920 887 990 majorem
899 918 1016 974 credens
1029 920 1148 985 Cesare3
1156 927 1191 972 ut
1198 927 1268 973 ante
1281 918 1385 985 beata,

351 1010 404 1065 tuis
417 1011 521 1065 meritis
534 1011 615 1066 nimis
628 1012 702 1081 leta,
716 1030 805 1083 quum
819 1010 957 1084 supereris
970 1022 1062 1065 tamen
1075 1008 1191 1064 hodiea
1206 1010 1331 1065 Caesere.

388 1103 447 1157 Nec
462 1105 571 1157 tardum
587 1122 667 1177 seges
687 1104 842 1177 occupabat
860 1122 964 1156 annum
978 1099 1016 1179 (r.
1033 1099 1089 1176 la).
1104 1102 1175 1157 Cum
1188 1100 1298 1156 Markl.
1313 1102 1385 1157 seri-

350 1195 473 1249 bendum
486 1206 546 1249 erat
559 1208 664 1250 tantum
671 1235 681 1261 ‚
695 1189 748 1249 liae
762 1194 911 1263 sententia,
923 1212 982 1249 non
997 1204 1053 1247 tam
1066 1194 1161 1267 largus
1174 1192 1297 1267 frugum
1309 1211 1383 1266 pro-

350 1296 449 1341 ventus
464 1297 523 1341 erat
530 1306 588 1341 aevo
602 1285 723 1341 Saturni.
739 1286 822 1340 llune
835 1304 917 1341 usum
929 1285 1007 1340 vocis
1019 1302 1110 1339 annus
1122 1282 1225 1339 docuit
1238 1285 1381 1353 Gronov„

351 1379 440 1433 Diatr.
448 1419 458 1445 ‚
471 1398 500 1452 p.
519 1378 571 1449 ¹⁵7
586 1398 627 1452 sq.
642 1379 688 1433 Ad
701 1397 778 1451 seqq.
793 1378 828 1433 cf.
841 1380 1042 1432 lllaermnrn:

454 1520 562 1570 vescitur
570 1519 646 1569 omnis
657 1535 728 1583 eques
740 1528 830 1577 tecum,
845 1517 991 1583 populusque
1004 1525 1143 1583 patresque,

488 1608 518 1652 Et
530 1603 592 1669 capit
603 1602 730 1651 ambrosias
740 1617 794 1650 enm
802 1599 863 1649 duee
871 1605 947 1650 ltoma
959 1599 1039 1667 dapes

394 1754 468 1821 Quos
482 1751 591 1803 aarum
615 1748 651 1821 (v.
667 1747 703 1803 58
717 1746 780 1823 sq).
795 1748 885 1803 Etiam
907 1748 943 1802 ad
955 1748 1028 1802 hane
1048 1744 1200 1801 lectionem
1219 1743 1380 1801 Marklandi

350 1841 554 1897 accommodari
562 1851 656 1914 potest
663 1840 863 1916 elegantissima
877 1838 1015 1914 expositio
1029 1837 1182 1908 Gronovii,
1197 1856 1225 1893 e.
1232 1855 1287 1907 xv,
1299 1856 1330 1911 p.
1343 1836 1378 1892 82

351 1952 430 2006 sqq,
444 1951 528 2006 quam
541 1932 613 1987 vide.

390 2026 491 2097 Lydr'oe
508 2035 640 2079 mmentes
653 2021 690 2099 (v.
706 2020 763 2097 70).
777 2022 951 2091 Habitiores,
964 2031 997 2075 ut
1010 2020 1158 2089 Juvenal,
1170 2018 1232 2075 Sat.
1247 2036 1289 2090 ιι,
1306 2027 1356 2085 ¹4¹
1370 2036 1377 2070 ε

352 2118 473 2191 Turgr'da
486 2117 579 2189 Lyde,
593 2116 644 2170 ubi
658 2134 684 2170 v.
703 2116 824 2189 interpp.
838 2114 1022 2168 —Mulieres
1033 2111 1185 2186 gadaram
1205 2130 1274 2167 euna
1286 2120 1377 2167 erou-

350 2207 383 2261 lis
397 2218 425 2261 et
439 2207 572 2281 cymbalis
585 2208 736 2275 saltabant;
748 2207 814 2261 vide
828 2206 864 2260 ad
877 2204 969 2259 eumd.
984 2206 1141 2272 luseram,
1153 2220 1203 2272 ιι,
1220 2200 1286 2257 162.

387 2301 422 2353 V.
437 2317 472 2368 77
487 2317 548 2371 sqq.
562 2301 605 2353 De
616 2300 672 2354 hoc
681 2299 835 2373 largitionis
846 2314 946 2372 genere
958 2296 1042 2369 plura
1053 2302 1246 2349 narraverunt
1257 2293 1376 2369 interpp.

351 2389 386 2445 ad
399 2389 445 2444 illa
457 2390 604 2458 Martialis,
618 2409 690 2457 vm,
706 2392 756 2460 78,
773 2408 806 2445 ra
821 2409 828 2443 :

452 2552 520 2601 Nune
529 2550 698 2616 impleoesinus
709 2566 802 2600 securos
815 2551 917 2615 gaudet,
929 2560 952 2600 et
965 2550 1048 2600 absens

486 2634 589 2683 Sortitur
601 2633 720 2692 dominos,
731 2650 761 2683 ne
770 2633 894 2693 laceretur,
905 2633 962 2683 tuis.

389 2793 548 2845 Flammeus
559 2789 657 2867 orbis(
677 2830 684 2845 .
699 2788 756 2867 87).
770 2792 957 2866 Lychnuehus
970 2790 1082 2865 ingens,
1095 2786 1203 2844 suntlin
1211 2782 1340 2861 plurim
1349 2784 1379 2841 in

351 2883 448 2938 orbern
461 2882 609 2938 distributa
623 2882 721 2937 serens.

731 3118 772 3172 IN
791 3118 935 3173 LIBRUM
957 3116 993 3170 11.

389 3344 539 3397 Errsrom.
552 3343 681 3397 Melioris
694 3342 793 3396 Atedii
803 3341 907 3396 mentio
929 3339 1011 3396 etiam
1024 3337 1101 3411 apud
1114 3338 1262 3413 Mutial,
1272 3358 1320 3413 rr,
1333 3338 1379 3407 ai,

351 3451 402 3508 ²93
415 3451 476 3501 ru,
491 3431 537 3500 28,
551 3443 578 3487 et
592 3434 667 3488 alibi.

393 3527 452 3579 Tibi
464 3528 718 3595 letraemsaccepmm
732 3527 877 3596 Apparere
885 3522 950 3576 inde
963 3523 1084 3593 videtur,
1098 3542 1218 3581 carmen
1231 3524 1323 3600 hujus
1332 3524 1375 3581 tta

350 3636 381 3673 rr
395 3618 528 3691 seriptum
543 3614 627 3670 fuisse
641 3614 798 3686 impellente
812 3613 1123 3683 Medio-Excludit,
1141 3618 1266 3677 claudit.

389 3710 510 3765 Cannu
524 3709 546 3762 L
560 3705 692 3777 Ejusdem
713 3706 833 3760 Glaucia
853 3706 1008 3778 epicedium
1029 3717 1057 3763 et
1075 3707 1263 3783 epitaphium
1280 3716 1380 3769 enm

351 3802 424 3858 inter
438 3797 574 3855 Martialis
586 3796 797 3873 epigrammata,
1367 3788 1370 3795 '

453 3960 509 4007 Nou
521 3957 551 4006 de
562 3955 631 4022 plebe
642 3955 725 4005 domus
737 3973 781 4005 nec
792 3972 866 4007 atoue
879 3975 951 4009 verna
965 3968 1069 4022 cataste,

490 4040 537 4091 set
545 4039 636 4090 domini
646 4050 725 4091 mieto
735 4040 817 4105 dignm
828 4058 908 4092 amore
917 4058 984 4109 pue,
