2812 5258
104 416 138 473 (v.
152 416 220 480 ιιι.)
416 418 624 473 ΤΗΕΒΔΙΒΟε
644 417 752 472 Lmen
773 418 821 471 lv.

103 538 332 609 Vulneribus:
349 565 415 608 non
435 540 488 609 ille
504 543 602 609 minis
621 540 801 635 Polynicis,
821 556 855 608 et
872 543 919 609 ira

103 657 259 741 Inferior,
276 657 480 752 dubiumque
497 659 580 727 adeo
599 663 653 728 cui
674 659 759 729 bella
779 676 947 755 gerantur.
1060 678 1067 687 ·

153 779 264 869 Major
280 793 315 845 at
332 780 409 849 inde
431 781 525 848 novis
545 782 571 848 it
590 782 733 849 Doricus
753 780 836 848 ordo
855 781 915 849 sub
936 783 1052 867 armis,
1068 820 1072 827 -

105 900 174 985 Qui
194 901 299 992 ripas,
316 900 451 991 Lyrcie‚
473 913 560 987 tuas,
580 915 637 969 tua
655 900 754 970 litora
776 900 882 970 multo

106 1019 252 1085 Vomere
268 1018 492 1112 suspendunt,
510 1018 685 1088 lluviorum
705 1021 823 1089 ductor
839 1022 1018 1106 Achivum,

107 1136 228 1204 Inache
247 1162 255 1204 :
274 1136 412 1230 (Persea
428 1162 536 1230 neque
553 1140 642 1206 euim
664 1138 839 1208 violentior
856 1142 921 1209 exit

108 1257 226 1325 Amnis
235 1257 354 1343 humo,
369 1281 474 1350 quum
485 1259 650 1344 Taurum,
665 1272 723 1326 aut
737 1257 865 1326 Pliadas
874 1261 985 1329 hausit
999 1284 1142 1352 aquosas

106 1376 287 1467 Spumeus,
307 1389 341 1442 et
356 1398 480 1468 genero
497 1378 617 1444 tumuit
632 1380 713 1445 Jove
725 1376 759 1466 t)
778 1401 860 1469 quos
874 1375 962 1445 celer
975 1379 1080 1446 ambit

107 1496 278 1582 Asterion,
299 1498 536 1589 Dryopumque
556 1497 686 1565 trahens
707 1498 865 1565 Erasinus
880 1498 1019 1565 aristas:

105 1616 148 1682 Et
165 1617 223 1707 qui
243 1640 321 1685 rura
341 1615 478 1687 domant
495 1617 700 1712 Epidauria:
718 1617 835 1685 dexter
851 1617 972 1685 laccho

105 1735 227 1821 Collis,
248 1750 282 1805 at
298 1741 427 1807 Ennaeae
446 1740 561 1807 Cereri
579 1754 702 1833 negat:
721 1739 794 1807 avia
812 1742 922 1831 Dyme

105 1857 211 1924 Mittit
229 1881 323 1949 opes,
343 1855 528 1949 densasque
545 1856 642 1951 Pylos
658 1856 773 1928 Neleia
789 1872 930 1944 turmas,

103 1975 269 2041 Nondum
286 1988 364 2042 nota
380 1972 494 2069 Pylos,
510 1976 709 2069 juvenisque
726 1991 820 2045 aetate
838 1977 981 2046 secunda

106 2094 244 2178 Nestor,
262 2107 297 2161 et
314 2094 362 2160 ire
378 2107 489 2162 tamen
506 2096 654 2188 peritura
668 2097 703 2162 in
722 2110 828 2164 castra
845 2096 988 2190 negavit.

157 2216 226 2281 llos
242 2214 365 2307 agitat,
384 2212 597 2308 pulchraeque
615 2213 713 2283 docet
729 2216 858 2284 virtutis
874 2239 1020 2283 amorem

106 2332 241 2405 Arduus
258 2332 490 2427 Hippomedon
507 2358 515 2400 :
533 2334 635 2428 capiti
653 2337 766 2403 tremit
780 2359 865 2403 aerea
882 2335 998 2419 cassis,

103 2459 169 2525 Ter
185 2456 281 2523 nivea
298 2454 478 2523 scandente
491 2455 597 2549 juba3
616 2452 702 2523 latus
720 2479 820 2523 omne
838 2455 901 2524 sub
919 2455 1020 2522 armis

104 2579 223 2645 Ferrea
242 2591 317 2646 suta
335 2591 448 2645 terunt
467 2602 476 2645 ε
494 2576 651 2645 humeros
669 2600 708 2644 ac
724 2590 858 2669 pectora
877 2574 943 2643 late

106 2694 291 2765 Flammeus
309 2698 400 2767 orbis
417 2697 537 2783 habet,
557 2696 767 2790 perfectaque
785 2695 869 2761 vivit
885 2695 920 2760 in
940 2717 1023 2760 auro

104 2817 179 2886 Nox
198 2819 307 2887 Danai
326 2843 334 2884 :
353 2831 462 2886 sontes
479 2818 663 2887 Furiarum·
675 2813 828 2907 lampade
847 2814 944 2906 nigra

103 2938 355 3033 Quinquaginta
372 2938 491 3007 ardent
508 2934 644 3005 thalami
664 2960 672 3003 :
691 2949 787 3028 pater
804 2934 875 3028 ipse
890 2935 1038 3001 cruentis
1069 2961 1074 2967 ·

102 3059 144 3125 In
163 3058 289 3127 foribus
307 3057 486 3151 laudatque
506 3056 598 3125 nefas
619 3071 719 3149 atque
738 3055 869 3149 inspicit
888 3078 993 3122 enses.

66 3245 69 3248 ,
151 3176 251 3247 Illum
267 3177 413 3248 Palladia
430 3180 562 3272 sonipes
580 3178 753 3247 Nemeaeus
772 3176 813 3244 ab
833 3200 910 3243 arce

102 3300 244 3368 Devehit
261 3325 353 3369 arma
375 3323 518 3393 pavens,
537 3299 723 3390 umbraque
742 3298 887 3365 immane
907 3292 1031 3362 volanti
1064 3328 1067 3333 ·

102 3417 223 3514 lmplet
242 3446 354 3516 agros,
374 3417 543 3514 longoque
562 3416 684 3487 attollit
704 3415 842 3510 pulvere
857 3440 1024 3509 campum.

149 3544 225 3613 Non
244 3540 339 3611 aliter
355 3540 453 3610 silvas
471 3541 617 3610 humeris
634 3555 668 3609 et
687 3553 830 3632 utroque
847 3536 1032 3632 refringens

100 3661 254 3749 Pectore,
272 3678 431 3733 montano
450 3660 575 3757 duplex
591 3660 715 3754 Hyleus
735 3661 777 3729 ab
792 3675 891 3729 antro

98 3784 304 3878 Pracipitat3
320 3798 418 3879 pavet
435 3789 520 3854 Ossa
536 3784 622 3867 vias,
640 3781 865 3875 pecudesque,
884 3782 1027 3873 seraeque

97 3904 316 3974 Procubuere
332 3919 421 3973 metu
442 3930 450 3972 :
471 3929 539 3972 non
560 3904 639 3998 ipsis
656 3902 816 3971 fratribus
835 3903 955 3970 horror

100 4024 231 4109 abfuit,
250 4025 377 4120 ingenti
396 4024 502 4095 ‹lonec
520 4026 643 4095 Peneia
665 4022 752 4092 saltu
