2812 5258
96 420 193 487 (aas.)
393 420 604 477 rueaatuos
623 421 731 479 ntaaa
751 423 829 478 vm.
887 436 899 455 ·
1070 445 1123 499 ηρ

95 548 171 615 Non
193 546 283 614 licito
303 570 361 638 per
375 546 473 612 inane
490 542 579 612 ruisi
595 573 611 606 a
630 545 725 612 Subit
745 544 800 613 ille
820 549 999 617 minantem

93 669 167 734 Jam
186 666 293 734 tenuis
309 665 397 749 visu,
414 664 482 756 jam
503 664 754 733 vanescentibus
773 667 889 752 armis,

94 787 166 851 Jam
185 783 286 877 pedes
304 809 311 850 :
329 784 490 850 exstincto
510 795 618 851 tamen
637 783 840 876 interceptus
859 786 893 853 in
913 807 980 873 ore,

95 904 237 996 Augurii
255 900 414 997 perdurat
433 902 554 989 bonos,
573 903 779 995 obscuraque
798 903 900 973 boati

93 1025 185 1090 Vitta
205 1035 332 1106 manet,
351 1044 545 1114 ramumque
564 1034 655 1090 tenet
672 1024 842 1092 morientis
860 1023 964 1092 olivae.

144 1171 160 1204 a
173 1143 207 1209 Si
227 1140 320 1228 licet,
339 1156 371 1209 et
390 1143 513 1208 sanctis
533 1142 588 1208 hic
608 1164 665 1208 ora
685 1139 847 1209 resolvere
866 1142 914 1210 fas
934 1158 984 1210 est

93 1261 264 1345 Manibus,
284 1286 305 1328 o
324 1261 452 1328 cunctis
471 1259 586 1327 finitor
604 1261 746 1328 maxime
760 1282 894 1343 rerum,

93 1383 139 1447 At
155 1379 253 1465 mibi,
272 1380 330 1472 qui
344 1376 511 1472 quondam
530 1402 661 1462 causas,
681 1376 906 1472 elementaque
925 1405 1061 1466 noram,

93 1501 137 1566 Et
156 1494 262 1566 sator!
283 1522 358 1584 oro,
370 1499 497 1584 minas,
518 1496 750 1592 stimulataque
768 1498 869 1568 corda
888 1498 1048 1588 remulce,

94 1619 184 1686 Neve
204 1620 253 1685 ira
272 1618 407 1713 dignare
425 1619 614 1707 bominem,
634 1635 668 1687 et
686 1634 744 1691 tua
758 1621 834 1713 jura
854 1620 1034 1691 timentem.

93 1740 179 1806 Nam
198 1763 259 1809 nee
270 1737 312 1807 ad
322 1737 503 1808 Herculeos
516 1738 624 1832 (unde
634 1740 703 1808 haec
713 1739 795 1807 mihi
807 1738 981 1833 pectorai)
992 1754 1125 1833 raptus,

94 1859 165 1926 Nec
182 1861 344 1926 Venerem
365 1856 532 1942 illicitam,
551 1856 716 1926 credebis
735 1859 937 1952 insignibus,
954 1861 1024 1927 ausi

93 1980 260 2044 Intramus
279 1977 407 2044 lethea
428 2000 436 2042 :
456 1974 562 2069 fugiat
580 2000 641 2044 nec
660 1977 763 2045 tristis
781 1978 816 2045 in
835 1989 968 2046 antrum
1065 2027 1067 2036 ν

97 2094 282 2179 Cerberus,
301 2110 360 2162 aut
379 2109 510 2163 nostros
529 2096 644 2165 timeat
662 2096 858 2188 Proserpina
877 2120 1004 2166 currus.

94 2218 213 2308 Augur
232 2212 414 2308 Apollineis
429 2213 529 2283 modo
548 2212 777 2284 dilectissimus
796 2217 881 2303 aris,

55 2379 57 2383 ν
94 2336 211 2402 Testor
230 2335 328 2402 inane
346 2333 456 2404 Cbaos
474 2333 575 2426 (quid
596 2335 683 2403 enim
705 2335 758 2402 bic
776 2334 937 2427 jurandus
952 2333 1126 2430 Apellei),

93 2455 244 2524 Crimine
260 2478 329 2523 non
347 2451 417 2523 ullo
435 2454 536 2523 subeo
556 2478 641 2523 nova
660 2454 728 2523 lata
741 2454 756 2522 Δε
777 2479 837 2526 nec
855 2453 941 2525 alma

95 2575 150 2641 Sic
168 2574 273 2642 merui
291 2571 334 2641 de
352 2571 426 2642 luce
445 2575 516 2667 rapi
537 2598 545 2640 τ
567 2573 867 2675 εοίῑᾸιιῶοἰειιτῐια

93 2693 232 2780 Dictaei,
250 2715 432 2785 verumque
451 2705 560 2786 potest
577 2692 779 2786 deprendere
795 2694 916 2763 Minos.

93 2811 255 2904 Conjugis
273 2809 417 2898 insidiis,
438 2824 471 2879 et
491 2811 605 2902 iniquo
624 2809 778 2878 venditus
797 2833 894 2894 auro,

93 2927 261 3023 Argolicas
280 2930 383 3017 acies,
402 2928 492 2999 unde
510 2929 578 2997 haec
598 2928 657 2997 tibi
677 2927 775 2997 turba
795 2940 963 2996 recentum

93 3049 316 3135 Umbrarum,
335 3062 368 3119 et
386 3062 506 3118 nostrae
523 3049 663 3116 veniunt
680 3070 814 3140 quoque
832 3045 947 3115 lunera
965 3044 1102 3130 dextra,

93 3170 171 3237 Nou
191 3169 326 3263 ignarus
345 3169 391 3235 ini
412 3193 420 3234 :
440 3168 551 3237 subito
569 3191 623 3234 me
641 3166 773 3235 turbine
790 3164 924 3246 mundi,

94 3289 216 3355 Horret
233 3284 345 3356 adhuc
362 3287 511 3372 suimus,
530 3284 646 3355 mediis
665 3309 684 3354 e
703 3281 849 3364 millibus
868 3284 977 3353 hausit

92 3406 168 3474 Nox
185 3420 243 3475 tua
256 3431 266 3474 a
278 3430 354 3500 qure
371 3405 451 3474 mihi
465 3429 576 3495 mens,
594 3405 674 3473 dum
692 3429 751 3498 per
769 3427 849 3472 cava
867 3405 992 3473 viscera
1007 3419 1102 3473 terra

95 3524 189 3593 Vado
202 3523 261 3595 diu
278 3524 443 3619 pardem,
460 3539 492 3593 et
512 3527 546 3592 in
566 3549 641 3593 aere
660 3523 777 3593 volvor
795 3523 933 3617 operto?

92 3643 156 3712 Hei
177 3640 277 3712 mihil
299 3642 346 3713 nil
363 3668 404 3714 ex
421 3669 474 3714 me
493 3645 607 3731 sociis,
626 3645 805 3738 patrieque
824 3642 995 3730 relictum,

93 3759 157 3830 Vel
177 3774 311 3855 captum
328 3763 450 3832 Thebis
470 3791 478 3832 :
500 3789 566 3833 non
585 3765 655 3858 jam
672 3766 809 3835 lernaea
827 3760 947 3830 videbo

92 3860 212 3965 Tecta,
233 3904 294 3948 nec
313 3884 453 3951 attonito
471 3881 585 3951 saltem
605 3885 688 3951 cinis
707 3881 763 3951 ibo
780 3883 920 3975 parenti.

94 4000 172 4068 Non
193 3998 342 4089 tumulo,
363 4024 429 4068 non
450 4002 524 4094 igne
543 4003 657 4088 miser,
675 3999 891 4094 lacrymisque
911 4020 1057 4068 meorum
