2812 5258
414 446 453 498 ΙΝ
477 446 504 496 P.
527 445 554 496 P.
578 441 699 495 STATll
721 441 827 494 THEB.
851 442 918 494 Llll.
941 443 977 495 X.
1153 439 1208 498 335

226 561 291 614 lum
306 560 419 633 spiritus
433 561 500 613 olim
513 558 550 628 (v.
567 555 641 631 781).
659 557 745 609 Recte
759 555 852 609 Barth.
869 576 874 608 :
890 554 1095 610 «scribendum
1109 573 1143 609 ex
1157 574 1210 611 au-

187 651 316 706 ctoritate
326 651 425 723 optimi
443 670 449 702 :
465 651 563 703 «Nam
583 667 623 720 sp.
641 670 653 696 s
673 648 707 702 Et
722 647 761 701 sic
781 647 939 715 aBehott,
959 666 975 702 a
995 647 1082 722 Regg.

230 756 308 810 Ven's
327 756 429 810 honore
449 757 538 808 soluto
559 751 595 826 (v.
611 750 689 828 788).
700 751 831 806 Heinsius
849 769 892 824 ap.
908 752 1073 820 Burmann,
1095 752 1209 807 Anthol.

187 849 253 911 lut,
268 846 321 899 vol.
343 865 371 914 1,
389 864 417 917 p.
440 852 495 913 704
514 863 521 897 :
538 845 689 897 «solutos...
706 853 814 896 artus.»

223 950 353 1002 Reiorum
368 949 461 1002 notavi
472 947 597 1021 Pignora
611 943 649 1020 (r.
659 946 714 1018 796
730 941 792 1018 sq.).
809 945 950 999 Barthiani
962 961 1073 1012 omnes,
1087 954 1120 999 ut
1132 944 1210 998 vide-

183 1050 240 1107 tur,
255 1057 271 1093 ²
286 1040 411 1108 boholt,
430 1041 498 1111 Reg.
516 1057 548 1107 u,
566 1037 600 1091 al.
618 1045 693 1091 recte
712 1056 719 1088 t
736 1037 847 1103 novavi,
862 1047 1043 1091 «monstroso
1058 1035 1145 1090 modo
1159 1054 1210 1090 na-

185 1141 253 1184 turae
271 1130 334 1200 jura
348 1129 488 1183 innovavi.
507 1151 518 1174 ι
534 1131 631 1181 ὓιοεε.

227 1234 263 1286 tn
275 1233 391 1287 alternis
405 1230 442 1306 (v.
462 1229 539 1304 800).
559 1232 664 1285 Omnes
678 1230 772 1284 Barth.
788 1241 816 1285 et
839 1230 855 1284 6
871 1233 905 1285 al.
925 1252 931 1285 :
953 1258 965 1281 ι
975 1231 1091 1299 alterni,
1104 1256 1116 1280 n
1136 1250 1211 1304 quo-

183 1343 247 1378 rum
263 1342 279 1376 a
295 1332 323 1377 et
336 1325 402 1377 Exc.
421 1321 507 1376 Fabri
524 1340 582 1395 seq.
598 1341 623 1375 v.
640 1342 646 1375 :
665 1322 914 1394 OEdipodionidae.

224 1427 306 1479 Male
321 1423 358 1500 (v.
374 1424 450 1501 805).
470 1424 629 1495 infeliciter,
650 1444 714 1481 meo
732 1427 815 1480 malo.
834 1426 970 1482 Nonnulli
989 1424 1072 1482 codd.
1089 1445 1095 1479 :
1117 1429 1209 1493 mula,

185 1515 221 1570 ad
235 1527 352 1572 matrem
367 1517 554 1573 referendum.

226 1611 284 1663 Aut
296 1628 364 1683 quos
379 1610 484 1682 ingenti
498 1607 536 1685 (v.
553 1606 631 1684 826).
647 1610 777 1679 «Quibus
791 1610 932 1685 ingentem
950 1609 1072 1682 aliquam
1089 1608 1211 1682 praedam

106 1734 119 1759 ,,
185 1699 305 1768 deferat,
328 1699 399 1755 adeo
422 1711 453 1754 ut
478 1699 524 1754 illa
540 1700 569 1754 in
589 1710 700 1754 antrum
718 1702 831 1757 redacta
852 1710 1017 1773 premantur
1037 1699 1129 1754 eatuli.
1149 1700 1212 1753 Hoc

186 1791 282 1862 adjicit
295 1802 416 1864 propter
429 1792 583 1846 ablactatos
593 1791 651 1862 jam
665 1802 693 1845 et
706 1792 828 1864 majores
848 1794 969 1860 catulos,
985 1791 1036 1865 qui
1054 1791 1111 1862 jam
1130 1808 1212 1844 canu

185 1893 393 1937 vescerentur.»
411 1883 518 1936 Bsaru.
771 1867 772 1871 Ἰ

223 1974 382 2046 Astrigeros
397 1972 434 2047 (v.
450 1972 526 2048 82⁸).
546 1973 652 2027 Barthii
667 1990 764 2028 omnes
777 1984 805 2028 et
822 1975 887 2029 Beh.
913 1993 923 2027 1
943 1993 949 2027 :
965 1971 1121 2044 astriferos.

229 2077 282 2130 Seu
295 2095 409 2150 magnoe
422 2079 491 2130 dato
502 2076 593 2148 samu
606 2079 671 2132 neci
683 2077 721 2154 (v.
738 2076 814 2154 835).
829 2079 914 2133 Fama
928 2096 990 2151 quae
1001 2076 1129 2132 comitari
1142 2077 1212 2132 solet

187 2168 397 2223 insolentiorem
409 2168 507 2222 mortis
520 2168 646 2223 modum.
655 2171 728 2224 Male
742 2169 830 2245 igitur
843 2170 877 2225 al.
887 2169 1043 2241 multifora
1056 2168 1211 2242 prosumo.

187 2259 219 2311 ln
234 2268 359 2312 extremo
369 2277 452 2313 versu
465 2259 569 2313 variam
584 2261 650 2314 olim
665 2261 801 2316 exstitisse
814 2261 962 2316 lectionem
976 2259 1135 2314 testimonio
1149 2270 1213 2314 sunt

185 2348 227 2402 hae
242 2349 441 2422 explicationes
450 2351 637 2405 Lactantianae
653 2372 660 2405 τ
680 2376 691 2399 a
704 2353 757 2407 Seu
771 2355 840 2407 loeto
852 2354 999 2406 mulorum.
1014 2349 1154 2419 Quoniam
1163 2347 1214 2425 [sic

185 2436 257 2513 Pan]
275 2438 430 2513 gaudemus
449 2439 551 2494 arduas
567 2460 610 2494 res
628 2454 655 2496 et
674 2442 844 2514 periculosas
861 2442 1009 2509 inchoare,
1026 2460 1147 2514 quarum
1162 2459 1214 2495 nos

184 2539 282 2600 postea
299 2529 425 2601 poenitet.
438 2529 529 2584 Coecu.
545 2531 668 2600 lacerta,
684 2533 902 2607 quiainterdum
912 2542 1115 2607 quaeputamus
1129 2533 1213 2602 bona,

185 2622 255 2674 mala
271 2622 404 2676 eveniunt
418 2621 527 2676 exitu»

226 2713 442 2787 Innumerasque
452 2713 557 2786 gradus
562 2751 572 2778 ,
583 2714 697 2784 gemina
711 2710 750 2787 (v.
764 2711 861 2785 sixt«
873 2710 1052 2766 Admirabilis
1067 2712 1213 2784 periphra-

186 2802 222 2855 sis
240 2802 384 2857 scalarum.
398 2802 570 2877 Pomponius
583 2820 649 2857 sane
663 2802 691 2855 in
710 2804 859 2856 Armonun
871 2801 979 2869 judicio
994 2821 1000 2853 :

289 2987 350 3032 'lum
365 3001 413 3050 prae
428 3002 452 3034 se
466 2995 561 3051 portant
575 2986 740 3035 ascendibilem
756 2985 873 3044 semitam,

291 3069 368 3129 Quam
383 3069 466 3116 walam
482 3079 593 3117 vocant.»

551 3155 621 3197 Lacr.

187 3327 230 3381 lta
249 3338 304 3382 tam
322 3327 351 3380 in
366 3328 424 3381 MS.
439 3325 592 3381 Lindenbr.
608 3345 692 3399 quam
705 3328 735 3382 in
748 3328 832 3382 Paris.
847 3330 921 3403 Lege
937 3330 1079 3382 Pscuvrns
1092 3336 1119 3381 et
1132 3328 1212 3381 uoci-

187 3431 261 3485 tant,
277 3431 309 3473 ut
323 3429 398 3473 recte
412 3418 604 3493 Lindenbrog.
623 3437 629 3472 :
647 3419 696 3473 sed
711 3420 833 3475 debebat
846 3420 928 3474 etiam
936 3431 1044 3494 portat.
1062 3421 1145 3473 Deest
1158 3420 1213 3475 boc

185 3509 371 3582 fragmentum
386 3521 443 3565 tum
460 3511 490 3564 in
513 3510 683 3583 tragicorum
699 3510 913 3566 collectionibus
935 3529 1020 3584 quam
1039 3510 1069 3564 in
1088 3509 1213 3567 Eduardi

185 3602 297 3655 Munlii
327 3603 401 3657 libro
430 3623 436 3656 :
463 3605 495 3656 L.
524 3603 674 3675 Pomponii
693 3604 877 3659 Bononiensis
904 3604 1099 3657 Atellanamm
1120 3616 1213 3676 poetoe

184 3691 355 3766 fragmenta.
374 3694 528 3766 Glogaviae,
547 3691 629 3747 1826.

227 3798 352 3871 Unquam
371 3795 407 3872 (v.
430 3795 507 3872 860).
526 3797 542 3851 3
557 3798 686 3853 meliores
699 3799 764 3853 libri
777 3799 884 3853 Baithii
898 3818 905 3853 ι
918 3818 1043 3872 usquam.

226 3901 351 3954 Eminuit
363 3897 401 3974 (v.
421 3896 498 3974 871).
518 3903 571 3954 ΜΒ
585 3921 593 3954 :
608 3903 730 3967 emicuit,
740 3903 830 3975 pejus.
845 3904 926 3958 Alius
945 3923 952 3955 :
967 3904 1088 3956 exsiluit.

224 4005 384 4063 Hunsilesne
399 4004 565 4079 Amphionis
585 4023 665 4060 arces
684 4007 721 4082 (v.
745 4005 823 4082 873).
848 4009 917 4062 lure
939 4005 1060 4060 offendis
1077 4005 1107 4060 in
1125 4004 1209 4059 hisce.
