2812 5258
83 370 178 429 (eas.)
397 369 611 425 THEBAIDOS
634 371 742 426 LIBER
764 372 812 425 IX.
1062 373 1113 439 143

83 495 250 559 Procursu
271 490 468 584 fremituque
486 495 575 560 viros
595 520 601 559 :
623 494 715 561 furor
734 494 887 563 omnibus
909 495 993 563 idem

82 610 211 703 Tydeos
233 612 326 677 invisi
344 610 477 704 spoliis,
495 627 658 706 raptoque
676 615 775 707 potiri

81 732 251 822 Corpore:
269 754 334 796 non
352 728 447 799 aliter
463 731 643 800 subtexunt
659 747 746 800 astra
762 747 898 802 catervae

82 851 285 916 Incestarnm
303 852 432 936 avium,
451 850 548 945 longe
563 853 681 944 quibus
701 876 782 921 aura
802 866 974 921 nocentem

83 972 185 1055 Aera,
204 969 412 1063 desertasque
432 969 505 1039 tulit
526 973 596 1039 siue
616 972 729 1041 funere
747 986 891 1041 mortes:

82 1086 144 1154 Illo
163 1089 264 1157 avidae
285 1115 360 1158 cum
380 1115 461 1159 voce
480 1106 597 1175 ruunt,
618 1107 712 1161 sonat
732 1068 855 1161 arduus
874 1091 974 1161 aetlrer

82 1207 270 1296 Plausibus‚
290 1225 322 1276 et
340 1209 423 1277 coelo
444 1209 591 1279 volucres
609 1234 734 1279 cessere
755 1214 907 1281 minores.

131 1332 228 1395 Fama
249 1353 308 1420 per
323 1330 467 1398 Aonium
485 1329 601 1423 rapido
620 1355 702 1424 vaga
719 1355 887 1399 murmure
901 1355 1051 1423 campum

82 1449 256 1540 Spargitur
276 1449 309 1514 in
329 1462 470 1532 turmas,
491 1447 588 1517 solito
605 1450 771 1544 pernicior
789 1449 888 1518 index

81 1569 194 1654 Quum
211 1565 353 1660 lugenda
371 1567 485 1652 refert3
503 1568 608 1637 donec
628 1571 679 1638 cui
699 1571 840 1638 maxima
857 1567 957 1637 larido

81 1690 212 1754 Damna
233 1688 337 1768 vehit,
355 1687 498 1781 trepidas
520 1687 611 1784 lapsa
628 1706 677 1760 est
697 1691 862 1785 Polynicis
882 1689 924 1759 ad
943 1714 1049 1761 autes.

80 1808 225 1899 Diriguit
239 1808 388 1899 juvenis,
408 1805 624 1902 lacrymaeque
641 1811 762 1878 haesere
780 1825 921 1904 paratae,

81 1926 124 1991 Et
142 1940 292 1993 cunctata
314 1926 394 1993 lidos
413 1952 421 1992 a
442 1929 580 1994 nimium
600 1952 676 1995 nam
695 1931 826 2021 cognita
846 1930 949 1996 virtus
1037 1990 1047 2001 .

82 2043 222 2110 OEnidae
243 2044 332 2111 credi
350 2043 452 2111 letum
470 2045 649 2138 suadetque
669 2060 831 2138 vetatque.

80 2162 144 2229 Sed
167 2179 340 2255 postquam
356 2163 446 2232 haud
463 2164 564 2233 dubio
582 2164 691 2235 clades
709 2181 843 2235 auctore
859 2179 988 2260 reperta
1003 2183 1070 2250 est,

80 2284 155 2350 Nox
171 2282 304 2370 oculos,
324 2299 533 2376 mentemque
550 2285 634 2377 rapit
651 2299 744 2352 :tum
762 2287 920 2379 sanguine
935 2286 1000 2354 fixo

81 2401 230 2468 Membra
249 2401 363 2485 simul,
382 2401 479 2470 simul
496 2428 587 2471 arma
606 2417 710 2471 ruunt
726 2428 733 2471 :
752 2403 861 2473 madet
883 2405 986 2474 ardua
1006 2406 1084 2474 fletu

79 2522 149 2587 Jam
170 2518 279 2616 galea,
301 2535 400 2613 atque
418 2545 521 2590 ocreae
538 2520 690 2615 clypeum
709 2547 866 2618 excepere
886 2525 1067 2593 cadentem.

82 2641 107 2704 lt
127 2654 260 2706 moestus
281 2663 387 2733 genua
410 2663 497 2732 aegra
516 2641 664 2729 trahens,
687 2642 881 2734 hastamque
901 2657 1106 2733 sequentem,

83 2757 279 2826 Vulneribus
298 2783 357 2827 ceu
376 2757 465 2826 mille
482 2759 613 2850 gravis,
633 2773 784 2850 totosque
800 2784 859 2851 per
876 2775 967 2826 artus

79 2879 234 2945 Saucius:
251 2879 409 2946 assistunt
427 2877 525 2962 socii,
544 2889 794 2968 monstrantque
812 2891 985 2969 gementes.

78 2997 222 3066 Tandem
243 2994 298 3064 ille
315 2996 465 3089 abjectis,
486 2997 540 3062 vix
558 3018 632 3086 quae
651 2979 854 3087 portaierat,
874 2996 990 3082 arinis,

79 3121 196 3189 Nudus
217 3124 249 3188 in
267 3116 389 3214 egregii
410 3095 548 3185 vacuum
564 3115 633 3204 jam
654 3137 774 3206 corpus
793 3115 891 3180 amici

79 3240 237 3325 Procidit,
259 3255 292 3308 et
309 3238 366 3306 tali
383 3237 541 3332 lacrymas
559 3264 635 3307 rum
660 3256 738 3301 roce
757 3231 922 3326 profudit:

128 3363 266 3428 «Hasne
287 3359 364 3446 tibi,
386 3382 553 3427 armorum
570 3383 642 3451 spes
663 3382 683 3425 ο
700 3376 853 3447 suprema
869 3376 1034 3439 meorum,

77 3477 224 3564 OEnide,
241 3477 376 3573 grates?
393 3478 462 3546 haec
478 3479 612 3571 praemia
631 3475 731 3571 digna
749 3470 910 3570 rependi?

76 3594 195 3664 Nudus
214 3610 249 3663 ut
268 3598 372 3665 invisa
390 3596 506 3666 Cadmi
528 3594 646 3664 tellure
661 3596 786 3688 jaceres

77 3714 206 3806 Sospite
227 3713 299 3779 me?
320 3740 407 3785 nunc
427 3714 519 3785 exsul
537 3740 600 3810 ego
617 3729 841 3808 aeternumque
860 3713 1005 3807 fugatus:

77 3832 222 3920 Quando
242 3830 325 3899 alius
343 3836 477 3922 misero,
497 3860 534 3902 ac
552 3832 669 3902 melior
687 3835 769 3902 mihi
787 3833 889 3900 frater
908 3832 1068 3902 ademtus.

77 3952 147 4019 Nec
164 3952 234 4044 jam
255 3953 389 4019 sortitus
408 3968 550 4037 veteres,
568 3954 728 4047 regnique
750 3952 897 4020 nocentis
