2812 5258
79 441 173 504 (nst.)
381 439 590 495 Tuuumuos
612 441 719 495 LIBER
739 441 801 494 ΧΗ.
1047 441 1101 497 233

81 567 202 660 Ogygii
219 589 351 631 manes:
370 566 519 656 queritur
538 563 722 631 miserabile
740 565 877 633 Graium

80 685 179 755 Nuda
194 680 330 768 cohors,
348 685 548 775 vetitumque
564 707 696 777 gemens
708 681 921 751 circumvolat
933 684 1052 776 ignem.

81 806 209 897 Accipit
221 818 254 872 et
270 802 345 872 saevi
360 825 471 870 manes
485 800 626 870 Eteoclis
643 803 773 894 iniquos

79 922 339 1015 Haudquaquam
355 919 471 1016 regalis
487 921 611 1004 honos;
631 921 770 1013 Argivus
785 921 896 988 haberi

81 1045 193 1110 Frater
205 1042 315 1134 jussus
328 1039 453 1125 adhuc,
474 1054 572 1131 atque
588 1038 698 1106 exsule
710 1037 844 1132 pellitur
862 1040 988 1108 umbra.

127 1166 169 1230 At
184 1185 251 1228 non
269 1158 397 1253 plebeio
417 1157 543 1224 fumare
560 1159 729 1224 Menoecea
746 1157 844 1225 busto

81 1283 151 1348 Rex
170 1282 301 1373 genitor
319 1277 502 1368 Thebaeque
517 1276 655 1342 sinunt:
678 1300 739 1342 nec
759 1276 877 1343 robora
895 1275 991 1345 vilem
1109 1329 1114 1342 .

81 1401 279 1467 Struxerunt
298 1395 339 1463 de
356 1418 447 1463 more
463 1418 581 1487 rogum
601 1418 609 1459 :
627 1393 684 1461 sed
700 1392 836 1462 bellicus
853 1418 953 1488 agger

80 1516 262 1600 Curribus,
282 1529 314 1581 et
332 1513 469 1607 clypeis,
485 1513 729 1604 Graiorumque
741 1513 895 1581 omnibus
911 1515 1008 1581 armis

79 1636 264 1703 Sternitur:
282 1631 414 1701 hostiles
430 1655 530 1726 super
547 1634 633 1725 ipse,
654 1647 690 1700 ut
703 1633 819 1718 victor,
837 1656 987 1718 acervos,

79 1753 224 1822 Pacifera
243 1751 334 1820 lauro
349 1754 472 1821 crinem
489 1753 643 1844 vittisque
659 1751 814 1836 decorus,

77 1874 225 1942 Accubat
246 1898 253 1939 :
273 1871 361 1940 haud
380 1870 486 1953 aliter,
505 1895 604 1963 quam
617 1895 720 1963 quum
736 1872 945 1963 poscentibus
959 1875 1055 1942 astris

79 1993 187 2059 Laetus
200 1992 233 2057 in
248 2012 381 2058 aocensa
394 1990 498 2080 jacuit
513 1988 704 2080 Tirynthius
719 1991 817 2057 OEta.

80 2110 246 2201 Spirantes
263 2129 361 2198 super
379 2105 510 2173 inferias
530 2107 659 2198 captiva
676 2104 847 2200 Pelasgum

79 2229 242 2319 Corpora,
264 2225 472 2316 frenatosque
489 2238 594 2318 pater,
613 2223 746 2309 solatia,
765 2224 865 2295 sortes

79 2343 266 2428 Bellorum,
285 2343 449 2411 mactabat
467 2368 569 2436 equos
589 2345 663 2412 :his
681 2343 803 2414 arduus
823 2348 909 2441 ignis

79 2461 235 2556 Palpitat,
256 2476 288 2530 et
303 2463 442 2557 gemitus
456 2462 587 2542 tandem
607 2487 745 2558 erupere
761 2468 888 2559 paterni
911 2494 920 2534 :

127 2612 144 2646 a
157 2587 204 2668 Ο,
221 2583 283 2650 nisi
298 2582 526 2675 magnanimus
547 2598 645 2651 tantae
666 2599 699 2652 te
716 2582 823 2653 laudis
840 2587 952 2655 inisset

79 2701 197 2786 Ardor,
214 2701 391 2769 Echionios
407 2724 536 2767 mecum
556 2702 738 2770 venerande
754 2717 905 2795 penates,

78 2824 187 2912 Atque
203 2818 308 2907 ultra,
328 2834 455 2887 recture
472 2843 555 2912 puer
576 2821 763 2889 :venientia
782 2824 838 2915 qui
859 2848 947 2892 nunc

79 2935 207 3005 Gaudia
221 2951 253 3005 et
268 2938 431 3031 ingratum
452 2940 543 3031 regni
561 2939 640 3006 mihi
650 2940 776 3008 'munus
793 2943 927 3010 acerbas
946 2969 954 3010 ε

79 3057 149 3141 Τυ,
166 3058 327 3148 Superum
345 3081 490 3125 convexa
508 3055 585 3126 licet
603 3074 770 3152 coetusque
786 3063 945 3152 perenni,

80 3172 187 3241 Credo
204 3173 372 3266 equidem,
389 3178 510 3246 virtute
525 3177 632 3262 colas,
651 3179 731 3246 mihi
748 3177 856 3247 llebile
872 3203 1000 3273 semper

79 3293 208 3360 Numen
227 3293 290 3360 eris
308 3318 315 3360 :
332 3310 456 3386 ponant
472 3320 560 3384 aras,
577 3295 767 3389 excelsaque
785 3298 906 3366 Thebe

78 3409 213 3504 Templa
225 3412 335 3480 dicent
355 3437 363 3480 :
385 3416 441 3481 uui
458 3413 564 3483 fassit
581 3415 692 3510 lugere
710 3419 848 3511 parenti.

79 3534 121 3599 Et
138 3555 225 3599 nunc
240 3533 304 3600 heu
319 3559 391 3627 quae
404 3534 503 3629 digna
525 3537 583 3604 tibi
600 3536 775 3622 solemnia,
792 3563 914 3631 quasve

80 3649 218 3740 Largiar
235 3653 423 3744 exsequiae?
439 3678 499 3723 nec
517 3656 543 3723 si
566 3653 663 3724 fatale
677 3671 819 3749 potestas

79 3768 185 3858 Argos
204 3782 236 3834 et
252 3768 405 3861 impulsas
421 3773 524 3840 cineri
542 3775 678 3842 miscere
691 3776 860 3867 Mycenas,

80 3886 200 3978 Meque
218 3910 327 3976 super,
344 3891 397 3956 cui
416 3891 483 3957 vita
502 3889 642 3985 (nefasl)
659 3908 692 3961 et
711 3897 869 3988 sanguine
887 3900 954 3965 nati

80 4006 197 4072 Partus
214 4002 330 4087 honos.
353 4005 517 4075 Eademne
537 4007 625 4098 dies,
645 4011 758 4080 endem
775 4016 876 4107 impia
889 4013 974 4083 bella
