2812 5258
245 429 275 493 (ι.
293 427 361 488 ³2⁵.)
524 421 776 477 rcnrccmnos
799 422 908 478 crana
931 425 968 479 11.
1218 429 1273 502 αφ

245 554 345 641 Qua,
359 552 412 617 vix
428 544 541 615 audito
557 545 630 614 litui
645 544 817 639 clangore,
840 546 961 642 refugit

246 674 290 740 Et
304 670 441 752 Thetin,
461 682 495 735 et
511 667 661 753 comites,
676 680 710 734 et
724 690 808 758 quos
823 684 1047 760 suppresserat
1067 671 1179 764 ignes?

246 793 318 862 Nec
329 804 478 859 nostrum
492 802 557 873 est,
574 785 664 880 quod
686 788 720 854 in
740 809 831 863 nima
850 788 960 876 venis,
977 791 1185 884 sequerisque
1198 816 1275 885 pm.

435 923 560 995 cantes,

246 1035 399 1103 Venisses
419 1029 518 1099 ultro.
537 1058 554 1093 s
574 1027 683 1116 Quem
701 1023 822 1096 talibus
838 1045 980 1122 occupat
994 1032 1092 1100 heros

246 1151 394 1223 AEacides
413 1177 453 1218 :a
468 1152 627 1242 Longum
638 1161 688 1215 est
704 1145 827 1217 resides
847 1172 1010 1242 exponere
1026 1175 1154 1236 causas,

246 1274 503 1362 Maternumque
521 1266 612 1345 nefas
630 1292 637 1334 :
655 1266 719 1337 hoc
737 1266 946 1337 excusabitur
966 1291 1043 1337 ense

246 1387 381 1485 Scyros,
399 1403 432 1457 et
446 1386 635 1475 indecores,
651 1387 796 1456 fatorum
810 1388 967 1474 crimina,
982 1386 1102 1461 cultus.

246 1513 297 1579 Tu
311 1510 436 1603 potius,
449 1506 529 1576 dum
539 1505 612 1583 lene
625 1505 761 1595 fretum,
771 1505 993 1601 Zephyrisqne
1005 1506 1157 1580 ferunurr

249 1629 412 1713 Carbasa,
428 1651 501 1721 qua
514 1627 640 1705 Danais
655 1626 737 1695 tanti
752 1625 932 1719 primordia
945 1624 1038 1715 belli,

246 1747 316 1818 Ede
334 1774 342 1815 :
365 1745 444 1817 libet
456 1748 562 1841 justas
580 1746 659 1817 hinc
676 1770 805 1816 sumere
819 1748 971 1839 protinus
985 1748 1061 1816 iras.
1075 1779 1091 1812 s

247 1868 310 1936 Hic
327 1866 460 1938 Ithacus
475 1864 624 1960 paullum
642 1865 782 1958 repetito
800 1864 935 1958 longius
948 1888 1026 1935 orsu
1043 1892 1052 1934 ε

248 2017 265 2051 o
282 1992 402 2056 Fertur
416 1988 451 2055 in
471 1990 652 2073 Hectorea,
674 1986 700 2053 si
718 1982 803 2054 talia
819 1983 997 2073 credimus,
1012 2009 1071 2055 ora

247 2105 379 2176 Electus
396 2105 510 2174 sormae
526 2106 706 2175 certamina
724 2101 849 2173 solvere
865 2119 980 2198 pastor

250 2222 414 2294 Sollicitas
435 2224 576 2294 tenuisse
595 2222 687 2310 deas,
704 2247 764 2292 nec
780 2239 873 2292 torva
887 2225 1046 2293 Minerua

248 2349 334 2431 Ora,
352 2370 412 2413 nec
426 2344 558 2413 aetherei
575 2344 697 2412 sociam
713 2343 866 2427 rectoris,
879 2344 986 2413 antico

249 2466 405 2548 Lumine,
419 2461 476 2532 sed
493 2459 598 2532 solam
612 2462 751 2531 nimium
767 2461 889 2531 vidisse
903 2464 1048 2534 Dionen.

249 2588 354 2677 Atque
370 2581 452 2651 adeo
466 2579 506 2650 lis
520 2582 583 2649 ista
599 2582 663 2649 tuis
680 2595 793 2650 exorta
811 2582 872 2650 sub
889 2584 992 2652 antris

248 2701 396 2773 Concilio
415 2705 599 2795 Superum,
620 2697 699 2766 dum
715 2696 811 2767 Pelea
825 2696 922 2767 dulce
940 2703 1074 2770 maritat

247 2821 380 2909 Pelion,
399 2834 432 2888 et
448 2819 569 2889 nostris
584 2818 653 2911 Jam
672 2830 751 2886 tunc
768 2817 976 2910 promitteris
987 2819 1097 2887 armis.

234 2930 301 3009 'lra
321 2940 427 3032 quatit
447 2941 549 3008 victas
569 2964 577 3007 :
597 2939 681 3033 petit
698 2934 842 3007 exitialia
856 2936 957 3028 judex

247 3060 387 3129 Praemia
404 3084 412 3126 ε
430 3059 554 3152 raptori
570 3056 680 3127 faciles
696 3069 923 3131 monstrantur
937 3057 1090 3152 Amydae.

248 3176 308 3247 llle
323 3178 469 3272 Phrygas
487 3174 599 3264 lucos,
614 3177 727 3245 matris
747 3174 927 3270 penetralia
936 3176 1047 3246 ,cadit

248 3297 448 3392 Turrigero,
467 3297 651 3389 vetitasque
670 3295 740 3368 solo
756 3296 1094 3392 procumberepinns

248 3417 449 3509 Praecipitat,
466 3429 634 3509 terrasque
649 3415 733 3487 freto
751 3416 878 3487 delatus
893 3419 1028 3489 Achaeas

249 3536 395 3628 Hospitis
411 3533 551 3630 Atridae,
569 3514 671 3630 pudet
685 3536 769 3623 heu,
787 3538 984 3632 miseretque
999 3542 1146 3634 potentis

250 3650 408 3745 Europae!
429 3652 551 3748 spoliat
569 3653 746 3744 thalamos,
764 3654 1135 3753 Helenaquesuperbus

252 3772 411 3867 Navigat,
429 3788 462 3841 et
480 3790 593 3867 captos
610 3774 653 3844 ad
670 3777 830 3871 Pergama
847 3777 1111 3874 devehitdrgos.
1211 3826 1214 3833 .

251 3890 334 3958 lnde
352 3889 430 3961 dato
444 3895 568 3985 passim
582 3895 690 3969 varias
708 3919 841 3966 rumore
857 3922 920 3991 per.
936 3899 1051 3985 urbes,

252 4008 409 4103 Undique
429 4011 561 4080 inexciti
583 4012 645 4081 sibi
665 4015 856 4109 quisque-et
872 4031 990 4111 sponte
1007 4018 1132 4087 coimus
