2812 5258
287 450 343 507 „a
580 448 793 504 annnamos
814 447 925 504 arnna
944 449 993 502 xr.
1195 449 1228 511 (a.
1243 445 1317 513 aas.)

285 581 375 645 Ista:
396 573 482 643 feros
499 573 613 642 avidus
631 574 711 665 quin
732 574 893 667 protinus·
907 573 1027 640 imbuis
1044 571 1165 639 enses?

285 696 390 767 Crede
409 722 417 762 ε
437 694 513 763 licet
530 694 638 761 veniat
655 692 796 787 cupidus
813 717 928 786 parere
946 690 1094 778 satelles,

285 814 535 909 Intrepidusque
550 828 639 881 secet
658 837 725 880 non
744 814 899 881 evitantia
915 810 1010 880 colla.

283 937 395 1028 Incipe
414 960 422 1001 ε
439 958 482 1001 an
499 948 665 1027 exspectas
685 947 723 1001 nt
739 957 864 1025 pronus
882 931 1031 1026 supplice
1051 931 1166 1001 dextra

283 1054 437 1123 Sternar?
453 1068 487 1121 et
503 1053 639 1121 immitis
657 1052 782 1119 domini
803 1053 939 1145 vestigia
953 1052 1123 1144 quaeram?

283 1177 385 1267 Finge
403 1189 513 1242 autem
533 1187 681 1256 tentare,
698 1171 808 1239 sines?
828 1171 952 1239 mihine
972 1169 1040 1239 ulla
1059 1173 1194 1240 minaris

282 1293 474 1388 Supplicia?
494 1309 552 1362 aut
569 1291 653 1361 ullos
671 1293 753 1360 reris
773 1316 942 1386 superesse
960 1291 1119 1360 timores?

282 1415 447 1506 Linquere
463 1428 548 1481 tecta
565 1412 684 1505 jubes?
702 1411 820 1480 coelum
840 1428 1008 1504 terrasque
1024 1411 1142 1504 reliqui

284 1536 429 1626 Sponte,
449 1548 548 1625 atque
569 1529 720 1599 ultricem
735 1529 877 1599 crudelis
895 1532 929 1599 in
947 1556 1005 1599 ora
1022 1534 1139 1599 retorsi

283 1656 360 1724 Non
379 1650 446 1719 ullo
463 1665 600 1744 cogente
617 1674 774 1718 manum:
793 1649 873 1743 quid
891 1649 956 1719 tale
966 1652 1100 1744 jubere,

282 1777 353 1842 Rex
371 1772 520 1857 inimice,
539 1770 657 1864 potes?
673 1770 781 1864 fugio,
800 1770 990 1865 excedoque
1008 1772 1157 1842 nefandis

282 1891 419 1960 Sedibus
440 1917 448 1958 :
468 1916 512 1958 an
532 1891 646 1978 refert,
667 1916 735 1984 qno
754 1891 871 1960 funera
890 1890 1004 1983 longa,
1023 1916 1177 1984 measque

281 2014 515 2105 Transportem
535 2009 709 2079 tenebras?
728 2036 770 2078 ne
791 2036 859 2079 non
876 2036 957 2105 gens
974 2025 1092 2080 cuncta
1107 2013 1256 2105 precanti

282 2130 464 2218 Concedat,
482 2132 595 2225 patriae
610 2145 770 2223 quantum
790 2133 890 2200 miser
909 2131 1030 2200 incubo
1046 2130 1163 2199 terrae?

160 2252 163 2257 “
281 2250 345 2318 Sed
361 2250 473 2321 dulces
490 2249 623 2320 Thebae!
643 2253 800 2320 nimirum
821 2253 876 2321 hic
890 2251 1011 2320 clarior
1023 2268 1133 2341 ortus,

280 2375 324 2439 Et
342 2370 478 2440 meliora
496 2396 585 2439 meos
600 2371 808 2465 permulcent
826 2371 932 2439 sidera
950 2370 1073 2441 vultus.

281 2492 343 2559 Hic
357 2492 516 2585 genitrix,
535 2493 671 2584 natique
693 2491 841 2562 :habeas
861 2489 1018 2558 Thebana
1036 2514 1195 2584 regasque

280 2613 419 2698 Moenia,
438 2636 504 2704 quo
521 2611 685 2699 Cadmus,
704 2635 771 2704 quo
788 2609 889 2679 Laius
906 2611 1016 2677 omine
1032 2610 1131 2696 rexit,

280 2736 424 2826 Quoque
442 2757 504 2827 ego
524 2760 532 2801 :
553 2734 600 2801 sic
617 2731 797 2816 thalamos,
816 2732 863 2800 sic
882 2732 1021 2825 pignora
1040 2727 1105 2796 fida
1124 2752 1277 2822 capessas
1301 2758 1311 2800 :

281 2855 351 2922 Nec
369 2853 429 2921 tibi
444 2854 486 2921 sit
506 2855 609 2921 virtus
628 2851 795 2921 fortunam
812 2850 948 2919 evadere
964 2848 1093 2934 dentra3

280 2973 343 3040 Sed
359 2972 465 3040 lucem
482 2972 661 3066 deprensus
680 2996 767 3040 ames
787 2996 795 3038 :
813 2971 890 3038 satis
905 2969 1017 3036 omina
1033 2971 1125 3037 sanxi
1148 2996 1155 3037 :

278 3095 373 3175 Duc,
402 3116 477 3186 age,
503 3107 580 3161 nata
600 3090 716 3185 procul
736 3116 743 3156 :
763 3087 841 3182 quid
861 3102 892 3154 te
909 3102 1019 3155 autem
1040 3087 1183 3158 luctibus
1202 3089 1309 3158 addo?

278 3214 351 3298 Da,
370 3236 428 3280 rex
447 3237 582 3306 magne,
601 3210 746 3279 ducem»
766 3234 774 3274 :
797 3208 906 3275 timuit
926 3209 1110 3278 miseranda
1128 3207 1271 3302 relinqui

278 3332 463 3423 Antigone,
482 3345 652 3422 mutatque
667 3351 779 3423 preces
800 3351 808 3392 :
828 3327 975 3396 «Felicia
992 3354 1052 3422 per
1070 3343 1101 3396 te

278 3452 408 3543 Regna,
428 3450 569 3519 verende
582 3450 708 3534 Creon,
729 3460 923 3540 sanctasque
941 3451 1128 3516 Menoeceos
1146 3449 1279 3516 umbras
1298 3476 1306 3516 :

278 3573 330 3639 Da
347 3573 478 3640 veniam
494 3570 635 3655 afflicto,
656 3566 817 3660 dictisque
834 3570 965 3663 ignosce
985 3569 1145 3662 superbis.

277 3695 374 3759 llunc
395 3713 520 3758 morem
541 3685 631 3755 fandi
648 3686 755 3781 longae
772 3687 878 3756 fecere
895 3687 1044 3781 querelae.

278 3813 350 3880 Nec
370 3809 428 3879 soli
447 3808 534 3876 ferus
554 3808 614 3876 iste
633 3809 694 3875 tibi
715 3835 723 3876 :
744 3811 790 3878 sic
810 3809 897 3897 fata,
919 3812 1073 3902 Deosque

277 3930 465 4022 Alloquitur
484 3927 614 3997 :durus
635 3929 745 4015 luctu,
761 3931 931 4025 facilisque
949 3957 1010 3999 nec
1030 3934 1091 4024 ipsi

276 4053 367 4145 Saepe
385 4049 466 4118 mihi
487 4049 639 4144 :pridem
657 4052 820 4122 indomito
840 4051 901 4120 sub
922 4067 1054 4145 pectore
1073 4050 1175 4119 fervet
