2812 5258
62 457 175 513 (erse,
356 453 565 509 renuamus
587 453 695 508 unua
718 453 798 507 rm.
1040 453 1095 529 ¹39

60 575 222 672 Impulit:
239 577 416 646 ibatatrox
435 576 533 646 finem
552 579 701 671 positura
721 574 833 646 duello

59 701 192 766 Lancea
207 724 216 766 ε
231 713 425 768 convertere
442 697 555 768 oculos
568 700 736 792 utrimque
749 697 896 766 faventes

59 816 187 886 Sidonii
207 819 366 914 Graiique
383 821 468 891 Dei:
485 818 627 888 crudelis
648 821 791 912 Erinnys

59 936 198 1026 Obstat,
218 955 255 1008 et¹
268 939 405 1009 infando
421 939 534 1009 differt
546 939 700 1010 Eteoclea
714 938 820 1008 hatri.

59 1058 179 1151 Cuspis
196 1060 229 1126 iu
250 1062 451 1156 amnigerum
467 1058 645 1154 Phlegyam
667 1059 837 1153 peccavit,
855 1058 913 1129 ubi
930 1059 1046 1154 ingens

60 1177 174 1271 Pugna
189 1180 297 1248 virum
316 1206 323 1250 :
343 1181 460 1248 stricto
477 1204 555 1248 nam
573 1179 689 1248 saevior
704 1178 804 1248 irruit
820 1201 897 1248 ense

60 1294 206 1384 AEtolus,
227 1312 383 1392 retroque
402 1297 517 1366 datum
534 1297 694 1367 Thebana
711 1297 867 1393 tegebant

59 1416 162 1484 Arma
181 1416 298 1486 ducem
314 1441 321 1484 ε
337 1417 384 1486 sic
402 1417 505 1486 densa
521 1413 638 1510 lupum
652 1417 722 1510 jam
744 1432 842 1488 nocte
860 1419 1009 1487 subatra

58 1537 159 1603 Arcet
175 1535 217 1602 ab
236 1560 399 1630 apprenso
417 1551 588 1631 pastorum
609 1539 706 1607 turba
721 1539 886 1632 juvenco:

58 1654 234 1748 Improhus
252 1657 390 1751 erigitur
406 1672 538 1744 contra3
559 1683 621 1727 nec
639 1684 720 1728 cura
737 1673 887 1728 vetantes

27 1754 30 1759 ⁵
57 1776 237 1868 Impetere,
258 1773 371 1864 illum,
391 1776 503 1866 illum,
522 1777 623 1847 semel
642 1779 678 1846 in
695 1804 792 1873 quem
814 1796 964 1868 venerat,
984 1794 1091 1875 urget.

107 1896 184 1962 Non
204 1918 296 1963 secus
315 1896 462 1988 objectas
481 1899 584 1980 acies,
600 1914 709 1968 tamen
728 1922 789 1967 ora
804 1899 986 1982 Thoantis,

25 2026 32 2041 ⁸
56 2011 270 2098 Dissimulet,
291 2016 475 2107 transitque
495 2040 595 2084 mauu
614 2042 622 2084 :
641 2018 838 2110 turbamque
855 2017 1016 2086 minorem
1086 2020 1087 2023 ’

56 2136 196 2202 Pectora
213 2132 383 2217 Deilochi,
403 2134 513 2206 Clonii
531 2135 632 2223 latus,
652 2136 708 2205 ilia
729 2139 815 2206 torvi

58 2251 208 2322 Perforat
225 2253 445 2347 Hippotadae:
464 2259 591 2324 truncis
611 2280 670 2325 sua
684 2257 833 2326 membra
851 2256 988 2327 remittit

58 2372 245 2461 Interdum,
265 2371 440 2468 galeasque
458 2390 545 2444 rotat
563 2401 622 2470 per
638 2374 754 2446 nubila
774 2376 898 2472 plenas.

59 2496 103 2562 Et
117 2494 186 2586 jam
204 2496 400 2589 corporibus
419 2519 505 2584 sese,
525 2496 703 2591 spoliisque
713 2496 894 2568 'cadentum

58 2612 252 2684 Clauserat:
273 2640 376 2685 unum
396 2619 481 2686 acies
500 2620 624 2687 circum
644 2621 864 2706 consumitur;
883 2643 987 2688 unum

56 2736 178 2805 Omnia
198 2735 260 2805 tela
279 2751 400 2806 vorent
417 2764 424 2806 :
442 2739 579 2807 sumnus
599 2738 669 2806 haec
687 2739 816 2807 ossibus
833 2740 977 2822 haerent3

56 2858 136 2924 Pars
155 2855 312 2926 frustrata
330 2858 473 2945 cadunt,
493 2872 619 2951 partem
637 2859 788 2925 Tritonia
807 2855 914 2942 vellit,

56 2974 164 3045 Multa
183 2978 292 3072 rigent
311 2977 427 3073 clypeo
445 3004 453 3047 :
470 2979 581 3047 densis
597 2979 667 3071 jam
687 2979 833 3045 consitus
853 2976 953 3045 hastis

56 3099 227 3164 Ferratum
248 3099 355 3191 quatit
372 3099 474 3168 umbo
492 3123 625 3186 nemus,
644 3113 802 3193 tergoque
821 3097 941 3166 fatiscit

56 3222 163 3310 Atque
181 3218 327 3287 humeris
344 3218 474 3313 gentilis
492 3245 596 3314 aper:
616 3243 780 3313 nusquam
799 3218 903 3287 ardua
921 3219 996 3285 coni

56 3335 190 3426 Gloria,
212 3342 338 3435 quique
354 3342 480 3437 apicem
502 3356 604 3410 torvae
623 3341 792 3410 Gradivus
813 3340 956 3408 hahebat

55 3459 219 3546 Cassidis,
238 3461 327 3532 haud
345 3460 456 3531 laetum
475 3461 611 3531 domino
630 3464 698 3531 ruit
714 3486 812 3530 omeu
828 3487 836 3528 τ
854 3463 962 3529 inusta

55 3579 272 3671 Temporibus
288 3581 380 3651 nuda
393 3608 458 3652 aera
479 3582 613 3669 sedent,
632 3583 824 3676 circumque
841 3584 954 3650 sonori

56 3697 191 3766 Vertice
212 3722 367 3790 percusso
383 3702 564 3773 volvuntur
580 3705 615 3771 in
632 3727 724 3771 arma
740 3701 891 3772 molares.

54 3819 129 3884 lam
147 3842 247 3885 cruor
266 3820 299 3888 iu
320 3820 430 3914 galea,
448 3825 519 3917 jam
537 3826 649 3894 saucia
668 3823 795 3918 proluit
809 3839 880 3892 ater

55 3937 194 4005 Pectora
216 3940 397 4035 permixtus
415 3944 535 4012 sudore
552 3961 587 4014 et
604 3946 764 4038 sanguine
785 3959 925 4015 torrens.

105 4060 255 4156 Respicit
272 4061 443 4132 hortantes
463 4068 571 4135 socios
589 4081 623 4134 et
641 4064 777 4134 Pallada
792 4062 913 4151 fidam,
