<?xml version="1.0" encoding="UTF-8"?>
<!DOCTYPE html PUBLIC "-//W3C//DTD XHTML 1.0 Transitional//EN"
    "http://www.w3.org/TR/xhtml1/DTD/xhtml1-transitional.dtd">
<html xmlns="http://www.w3.org/1999/xhtml" xml:lang="en" lang="en">
 <head>
  <title>
</title>
<meta http-equiv="Content-Type" content="text/html;charset=utf-8" />
  <meta name='ocr-system' content='tesseract 3.04.00' />
  <meta name='ocr-capabilities' content='ocr_page ocr_carea ocr_par ocr_line ocrx_word'/>
</head>
<body>
  <div class='ocr_page' id='page_1' title='image "./publiipapiniist01statgoog_0151.png"; bbox 0 0 2812 5258; ppageno 0'>
   <div class='ocr_carea' id='block_1_1' title="bbox 372 454 743 513">
    <p class='ocr_par' dir='ltr' id='par_1_1' title="bbox 372 454 743 513">
     <span class='ocr_line' id='line_1_1' title="bbox 372 454 743 513; baseline -0.024 0"><span class='ocrx_word' id='word_1_1' title='bbox 372 455 562 513; x_wconf 73' lang='lat' dir='ltr'>SILVARUM</span> <span class='ocrx_word' id='word_1_2' title='bbox 582 454 689 508; x_wconf 82' lang='lat' dir='ltr'>LIBER</span> <span class='ocrx_word' id='word_1_3' title='bbox 710 455 743 505; x_wconf 89' lang='lat' dir='ltr'><strong>V.</strong></span> 
     </span>
    </p>
   </div>
   <div class='ocr_carea' id='block_1_2' title="bbox 498 720 589 805">
    <p class='ocr_par' dir='ltr' id='par_1_2' title="bbox 498 720 589 805">
     <span class='ocr_line' id='line_1_2' title="bbox 498 720 589 805; baseline -0.011 0"><span class='ocrx_word' id='word_1_4' title='bbox 498 720 589 805; x_wconf 84' lang='lat' dir='ltr'><strong>.V.</strong></span> 
     </span>
    </p>
   </div>
   <div class='ocr_carea' id='block_1_3' title="bbox 229 1005 904 1081">
    <p class='ocr_par' dir='ltr' id='par_1_3' title="bbox 229 1005 904 1081">
     <span class='ocr_line' id='line_1_3' title="bbox 229 1005 904 1081; baseline -0.012 -1"><span class='ocrx_word' id='word_1_5' title='bbox 229 1006 469 1081; x_wconf 81' lang='lat' dir='ltr'><strong>EPICEDION</strong></span> <span class='ocrx_word' id='word_1_6' title='bbox 489 1006 538 1074; x_wconf 86' lang='lat' dir='ltr'><strong>IN</strong></span> <span class='ocrx_word' id='word_1_7' title='bbox 556 1005 747 1072; x_wconf 83' lang='lat' dir='ltr'>PUERUM</span> <span class='ocrx_word' id='word_1_8' title='bbox 767 1006 904 1074; x_wconf 88' lang='lat' dir='ltr'><strong>SUUM.</strong></span> 
     </span>
    </p>
   </div>
   <div class='ocr_carea' id='block_1_4' title="bbox 487 1305 645 1322">
    <p class='ocr_par' dir='ltr' id='par_1_4' title="bbox 487 1305 645 1322">
     <span class='ocr_line' id='line_1_4' title="bbox 487 1305 645 1322; baseline -0.006 -3"><span class='ocrx_word' id='word_1_9' title='bbox 487 1305 645 1322; x_wconf 66' lang='grc' dir='ltr'><strong>ι*</strong></span> 
     </span>
    </p>
   </div>
   <div class='ocr_carea' id='block_1_5' title="bbox 58 1529 1012 2460">
    <p class='ocr_par' dir='ltr' id='par_1_5' title="bbox 58 1529 1012 2460">
     <span class='ocr_line' id='line_1_5' title="bbox 104 1529 1012 1627; baseline -0.009 -20"><span class='ocrx_word' id='word_1_10' title='bbox 104 1541 164 1607; x_wconf 86' lang='lat' dir='ltr'><strong>Mn</strong></span> <span class='ocrx_word' id='word_1_11' title='bbox 183 1537 337 1605; x_wconf 86' lang='lat' dir='ltr'><strong>miserum</strong></span> <span class='ocrx_word' id='word_1_12' title='bbox 356 1532 588 1627; x_wconf 89' lang='lat' dir='ltr'><strong>(nequeenim</strong></span> <span class='ocrx_word' id='word_1_13' title='bbox 606 1532 715 1600; x_wconf 88' lang='lat' dir='ltr'><strong>verbis</strong></span> <span class='ocrx_word' id='word_1_14' title='bbox 733 1529 924 1601; x_wconf 85' lang='lat' dir='ltr'>solennibus</span> <span class='ocrx_word' id='word_1_15' title='bbox 945 1530 1012 1600; x_wconf 77' lang='lat' dir='ltr'><strong>ulla</strong></span> 
     </span>
     <span class='ocr_line' id='line_1_6' title="bbox 58 1651 808 1750; baseline -0.009 -23"><span class='ocrx_word' id='word_1_16' title='bbox 58 1659 216 1750; x_wconf 81' lang='lat' dir='ltr'><strong>Incipiam</strong></span> <span class='ocrx_word' id='word_1_17' title='bbox 234 1679 339 1741; x_wconf 84' lang='lat' dir='ltr'><strong>nunc,</strong></span> <span class='ocrx_word' id='word_1_18' title='bbox 358 1652 509 1723; x_wconf 83' lang='lat' dir='ltr'><strong>Castaliae</strong></span> <span class='ocrx_word' id='word_1_19' title='bbox 528 1651 693 1721; x_wconf 77' lang='lat' dir='ltr'><strong>vocalibus</strong></span> <span class='ocrx_word' id='word_1_20' title='bbox 710 1651 808 1721; x_wconf 88' lang='lat' dir='ltr'><strong>undis</strong></span> 
     </span>
     <span class='ocr_line' id='line_1_7' title="bbox 58 1770 968 1867; baseline -0.008 -21"><span class='ocrx_word' id='word_1_21' title='bbox 58 1779 203 1863; x_wconf 85' lang='lat' dir='ltr'><strong>Invisus,</strong></span> <span class='ocrx_word' id='word_1_22' title='bbox 219 1776 409 1867; x_wconf 82' lang='lat' dir='ltr'><strong>Phoeboque</strong></span> <span class='ocrx_word' id='word_1_23' title='bbox 428 1770 572 1867; x_wconf 80' lang='lat' dir='ltr'><strong>gravis)l</strong></span> <span class='ocrx_word' id='word_1_24' title='bbox 593 1798 666 1866; x_wconf 84' lang='lat' dir='ltr'><strong>quae</strong></span> <span class='ocrx_word' id='word_1_25' title='bbox 682 1787 808 1857; x_wconf 82' lang='lat' dir='ltr'><strong>vestre,</strong></span> <span class='ocrx_word' id='word_1_26' title='bbox 826 1796 968 1856; x_wconf 91' lang='lat' dir='ltr'><strong>sorores,</strong></span> 
     </span>
     <span class='ocr_line' id='line_1_8' title="bbox 60 1891 792 1990; baseline -0.008 -24"><span class='ocrx_word' id='word_1_27' title='bbox 60 1899 179 1990; x_wconf 79' lang='lat' dir='ltr'><strong>Orgia,</strong></span> <span class='ocrx_word' id='word_1_28' title='bbox 197 1896 327 1980; x_wconf 84' lang='lat' dir='ltr'><strong>Pieriae,</strong></span> <span class='ocrx_word' id='word_1_29' title='bbox 347 1917 429 1986; x_wconf 82' lang='lat' dir='ltr'><strong>ques</strong></span> <span class='ocrx_word' id='word_1_30' title='bbox 449 1892 679 1962; x_wconf 81' lang='lat' dir='ltr'>incestavimus</span> <span class='ocrx_word' id='word_1_31' title='bbox 699 1891 792 1962; x_wconf 77' lang='lat' dir='ltr'><strong>aras?</strong></span> 
     </span>
     <span class='ocr_line' id='line_1_9' title="bbox 60 2009 867 2106; baseline -0.004 -23"><span class='ocrx_word' id='word_1_32' title='bbox 60 2017 168 2084; x_wconf 83' lang='lat' dir='ltr'>Dicite</span> <span class='ocrx_word' id='word_1_33' title='bbox 187 2039 195 2081; x_wconf 75' lang='grc' dir='ltr'><em>τ</em></span> <span class='ocrx_word' id='word_1_34' title='bbox 218 2026 293 2106; x_wconf 90' lang='lat' dir='ltr'><strong>post</strong></span> <span class='ocrx_word' id='word_1_35' title='bbox 313 2036 443 2105; x_wconf 83' lang='lat' dir='ltr'><strong>poenam</strong></span> <span class='ocrx_word' id='word_1_36' title='bbox 462 2009 557 2078; x_wconf 85' lang='lat' dir='ltr'><strong>licent</strong></span> <span class='ocrx_word' id='word_1_37' title='bbox 574 2014 746 2080; x_wconf 84' lang='lat' dir='ltr'><strong>commissa</strong></span> <span class='ocrx_word' id='word_1_38' title='bbox 763 2013 867 2080; x_wconf 81' lang='lat' dir='ltr'><strong>fateri.</strong></span> 
     </span>
     <span class='ocr_line' id='line_1_10' title="bbox 63 2128 796 2226; baseline -0.008 -23"><span class='ocrx_word' id='word_1_39' title='bbox 63 2132 234 2226; x_wconf 89' lang='lat' dir='ltr'><strong>Numquid</strong></span> <span class='ocrx_word' id='word_1_40' title='bbox 250 2134 415 2200; x_wconf 81' lang='lat' dir='ltr'><strong>inaccesso</strong></span> <span class='ocrx_word' id='word_1_41' title='bbox 432 2131 527 2223; x_wconf 88' lang='lat' dir='ltr'><strong>posui</strong></span> <span class='ocrx_word' id='word_1_42' title='bbox 544 2131 681 2224; x_wconf 82' lang='lat' dir='ltr'><strong>vestigia</strong></span> <span class='ocrx_word' id='word_1_43' title='bbox 699 2128 796 2198; x_wconf 82' lang='lat' dir='ltr'><strong>luco?</strong></span> 
     </span>
     <span class='ocr_line' id='line_1_11' title="bbox 61 2246 988 2344; baseline -0.005 -21"><span class='ocrx_word' id='word_1_44' title='bbox 61 2256 152 2323; x_wconf 90' lang='lat' dir='ltr'><strong>Num</strong></span> <span class='ocrx_word' id='word_1_45' title='bbox 172 2254 274 2321; x_wconf 89' lang='lat' dir='ltr'><strong>vetito</strong></span> <span class='ocrx_word' id='word_1_46' title='bbox 291 2250 332 2319; x_wconf 91' lang='lat' dir='ltr'><strong>de</strong></span> <span class='ocrx_word' id='word_1_47' title='bbox 350 2249 440 2318; x_wconf 83' lang='lat' dir='ltr'><strong>sonte</strong></span> <span class='ocrx_word' id='word_1_48' title='bbox 457 2246 544 2318; x_wconf 86' lang='lat' dir='ltr'><strong>bibi?</strong></span> <span class='ocrx_word' id='word_1_49' title='bbox 562 2274 636 2342; x_wconf 87' lang='lat' dir='ltr'><strong>qnae</strong></span> <span class='ocrx_word' id='word_1_50' title='bbox 654 2247 772 2343; x_wconf 80' lang='lat' dir='ltr'><strong>culpa?</strong></span> <span class='ocrx_word' id='word_1_51' title='bbox 788 2250 862 2344; x_wconf 89' lang='lat' dir='ltr'><strong>quis</strong></span> <span class='ocrx_word' id='word_1_52' title='bbox 879 2275 988 2337; x_wconf 88' lang='lat' dir='ltr'><strong>error,</strong></span> 
     </span>
     <span class='ocr_line' id='line_1_12' title="bbox 62 2368 905 2460; baseline -0.004 -20"><span class='ocrx_word' id='word_1_53' title='bbox 62 2373 172 2460; x_wconf 87' lang='lat' dir='ltr'><strong>Quem</strong></span> <span class='ocrx_word' id='word_1_54' title='bbox 192 2369 314 2440; x_wconf 88' lang='lat' dir='ltr'><strong>luimus</strong></span> <span class='ocrx_word' id='word_1_55' title='bbox 331 2371 433 2439; x_wconf 81' lang='lat' dir='ltr'><strong>tentis</strong></span> <span class='ocrx_word' id='word_1_56' title='bbox 450 2368 666 2438; x_wconf 77' lang='lat' dir='ltr'><strong>moeroribus?</strong></span> <span class='ocrx_word' id='word_1_57' title='bbox 684 2394 759 2438; x_wconf 92' lang='lat' dir='ltr'><strong>ecce</strong></span> <span class='ocrx_word' id='word_1_58' title='bbox 778 2368 905 2438; x_wconf 88' lang='lat' dir='ltr'><strong>lacertis</strong></span> 
     </span>
    </p>
   </div>
   <div class='ocr_carea' id='block_1_6' title="bbox 65 2487 1015 2582">
    <p class='ocr_par' dir='ltr' id='par_1_6' title="bbox 65 2487 1015 2582">
     <span class='ocr_line' id='line_1_13' title="bbox 65 2487 1015 2582; baseline -0.003 -21"><span class='ocrx_word' id='word_1_59' title='bbox 65 2495 198 2561; x_wconf 84' lang='lat' dir='ltr'><strong>Viscera</strong></span> <span class='ocrx_word' id='word_1_60' title='bbox 216 2505 330 2559; x_wconf 85' lang='lat' dir='ltr'><strong>nostra</strong></span> <span class='ocrx_word' id='word_1_61' title='bbox 347 2504 461 2558; x_wconf 92' lang='lat' dir='ltr'><strong>tenens</strong></span> <span class='ocrx_word' id='word_1_62' title='bbox 479 2491 703 2582; x_wconf 83' lang='lat' dir='ltr'><strong>animamque,</strong></span> <span class='ocrx_word' id='word_1_63' title='bbox 724 2487 876 2558; x_wconf 83' lang='lat' dir='ltr'><strong>avellitur</strong></span> <span class='ocrx_word' id='word_1_64' title='bbox 893 2490 1015 2575; x_wconf 76' lang='lat' dir='ltr'><strong>infans3</strong></span> 
     </span>
    </p>
   </div>
   <div class='ocr_carea' id='block_1_7' title="bbox 64 2609 999 4003">
    <p class='ocr_par' dir='ltr' id='par_1_7' title="bbox 64 2609 999 3182">
     <span class='ocr_line' id='line_1_14' title="bbox 64 2609 999 2703; baseline -0.003 -25"><span class='ocrx_word' id='word_1_65' title='bbox 64 2611 140 2679; x_wconf 88' lang='lat' dir='ltr'><strong>Non</strong></span> <span class='ocrx_word' id='word_1_66' title='bbox 159 2610 199 2678; x_wconf 95' lang='lat' dir='ltr'><strong>de</strong></span> <span class='ocrx_word' id='word_1_67' title='bbox 217 2613 317 2703; x_wconf 83' lang='lat' dir='ltr'><strong>stirpe</strong></span> <span class='ocrx_word' id='word_1_68' title='bbox 335 2609 483 2702; x_wconf 84' lang='lat' dir='ltr'><strong>quidem,</strong></span> <span class='ocrx_word' id='word_1_69' title='bbox 502 2634 563 2678; x_wconf 90' lang='lat' dir='ltr'><strong>nec</strong></span> <span class='ocrx_word' id='word_1_70' title='bbox 580 2610 638 2702; x_wconf 92' lang='lat' dir='ltr'><strong>qui</strong></span> <span class='ocrx_word' id='word_1_71' title='bbox 657 2634 731 2678; x_wconf 87' lang='lat' dir='ltr'><strong>mea</strong></span> <span class='ocrx_word' id='word_1_72' title='bbox 749 2611 882 2678; x_wconf 84' lang='lat' dir='ltr'><strong>nomina</strong></span> <span class='ocrx_word' id='word_1_73' title='bbox 899 2610 999 2677; x_wconf 83' lang='lat' dir='ltr'><strong>ferret</strong></span> 
     </span>
     <span class='ocr_line' id='line_1_15' title="bbox 66 2726 965 2822; baseline -0.006 -24"><span class='ocrx_word' id='word_1_74' title='bbox 66 2733 215 2821; x_wconf 80' lang='lat' dir='ltr'><strong>Oraque3</strong></span> <span class='ocrx_word' id='word_1_75' title='bbox 233 2754 300 2797; x_wconf 92' lang='lat' dir='ltr'><strong>non</strong></span> <span class='ocrx_word' id='word_1_76' title='bbox 317 2728 445 2797; x_wconf 80' lang='lat' dir='ltr'><strong>fueram</strong></span> <span class='ocrx_word' id='word_1_77' title='bbox 462 2732 592 2822; x_wconf 80' lang='lat' dir='ltr'><strong>genitor</strong></span> <span class='ocrx_word' id='word_1_78' title='bbox 611 2755 619 2797; x_wconf 91' lang='lat'>:</span> <span class='ocrx_word' id='word_1_79' title='bbox 640 2729 697 2798; x_wconf 89' lang='lat' dir='ltr'><strong>sed</strong></span> <span class='ocrx_word' id='word_1_80' title='bbox 715 2730 838 2797; x_wconf 90' lang='lat' dir='ltr'><strong>cernite</strong></span> <span class='ocrx_word' id='word_1_81' title='bbox 854 2726 965 2812; x_wconf 87' lang='lat' dir='ltr'><strong>fletus,</strong></span> 
     </span>
     <span class='ocr_line' id='line_1_16' title="bbox 67 2846 910 2943; baseline -0.001 -28"><span class='ocrx_word' id='word_1_82' title='bbox 67 2850 283 2941; x_wconf 83' lang='lat' dir='ltr'><strong>Liventesque</strong></span> <span class='ocrx_word' id='word_1_83' title='bbox 301 2873 415 2943; x_wconf 82' lang='lat' dir='ltr'><strong>genas,</strong></span> <span class='ocrx_word' id='word_1_84' title='bbox 431 2863 464 2918; x_wconf 92' lang='lat' dir='ltr'><strong>et</strong></span> <span class='ocrx_word' id='word_1_85' title='bbox 480 2850 603 2918; x_wconf 86' lang='lat' dir='ltr'><strong>credite</strong></span> <span class='ocrx_word' id='word_1_86' title='bbox 620 2846 805 2943; x_wconf 79' lang='lat' dir='ltr'><strong>planctibus</strong></span> <span class='ocrx_word' id='word_1_87' title='bbox 822 2848 910 2932; x_wconf 91' lang='lat' dir='ltr'><strong>orbi;</strong></span> 
     </span>
     <span class='ocr_line' id='line_1_17' title="bbox 67 2968 988 3063; baseline -0.002 -26"><span class='ocrx_word' id='word_1_88' title='bbox 67 2968 179 3037; x_wconf 90' lang='lat' dir='ltr'><strong>Orbus</strong></span> <span class='ocrx_word' id='word_1_89' title='bbox 195 2992 257 3062; x_wconf 85' lang='lat' dir='ltr'><strong>ego</strong></span> <span class='ocrx_word' id='word_1_90' title='bbox 277 2994 285 3035; x_wconf 75' lang='grc' dir='ltr'>ε</span> <span class='ocrx_word' id='word_1_91' title='bbox 307 2969 372 3037; x_wconf 90' lang='lat' dir='ltr'><strong>huc</strong></span> <span class='ocrx_word' id='word_1_92' title='bbox 392 2984 518 3063; x_wconf 81' lang='lat' dir='ltr'><strong>patres,</strong></span> <span class='ocrx_word' id='word_1_93' title='bbox 535 2983 569 3036; x_wconf 91' lang='lat' dir='ltr'><strong>et</strong></span> <span class='ocrx_word' id='word_1_94' title='bbox 585 2983 699 3060; x_wconf 88' lang='lat' dir='ltr'><strong>aperto</strong></span> <span class='ocrx_word' id='word_1_95' title='bbox 718 2982 850 3062; x_wconf 91' lang='lat' dir='ltr'><strong>pectore</strong></span> <span class='ocrx_word' id='word_1_96' title='bbox 869 2980 988 3037; x_wconf 78' lang='lat' dir='ltr'><strong>matres</strong></span> 
     </span>
     <span class='ocr_line' id='line_1_18' title="bbox 67 3087 924 3182; baseline 0.005 -30"><span class='ocrx_word' id='word_1_97' title='bbox 67 3087 293 3173; x_wconf 80' lang='lat' dir='ltr'><strong>Conveniant3</strong></span> <span class='ocrx_word' id='word_1_98' title='bbox 309 3089 483 3181; x_wconf 88' lang='lat' dir='ltr'><strong>crinesque</strong></span> <span class='ocrx_word' id='word_1_99' title='bbox 502 3089 608 3182; x_wconf 84' lang='lat' dir='ltr'><strong>rogis,</strong></span> <span class='ocrx_word' id='word_1_100' title='bbox 626 3101 659 3155; x_wconf 91' lang='lat' dir='ltr'><strong>et</strong></span> <span class='ocrx_word' id='word_1_101' title='bbox 677 3113 815 3156; x_wconf 84' lang='lat' dir='ltr'><strong>munera</strong></span> <span class='ocrx_word' id='word_1_102' title='bbox 832 3087 924 3156; x_wconf 81' lang='lat' dir='ltr'><strong>ferte.</strong></span> 
     </span>
    </p>

    <p class='ocr_par' dir='ltr' id='par_1_8' title="bbox 67 3205 875 3300">
     <span class='ocr_line' id='line_1_19' title="bbox 67 3205 875 3300; baseline 0.006 -29"><span class='ocrx_word' id='word_1_103' title='bbox 67 3206 101 3272; x_wconf 85' lang='lat' dir='ltr'><strong>si</strong></span> <span class='ocrx_word' id='word_1_104' title='bbox 123 3229 186 3297; x_wconf 85' lang='lat' dir='ltr'><strong>qua</strong></span> <span class='ocrx_word' id='word_1_105' title='bbox 205 3205 265 3273; x_wconf 91' lang='lat' dir='ltr'><strong>sub</strong></span> <span class='ocrx_word' id='word_1_106' title='bbox 283 3206 441 3275; x_wconf 89' lang='lat' dir='ltr'><strong>uberibus</strong></span> <span class='ocrx_word' id='word_1_107' title='bbox 461 3205 566 3300; x_wconf 90' lang='lat' dir='ltr'><strong>plenis</strong></span> <span class='ocrx_word' id='word_1_108' title='bbox 583 3206 625 3274; x_wconf 83' lang='lat' dir='ltr'><strong>nd</strong></span> <span class='ocrx_word' id='word_1_109' title='bbox 645 3206 762 3276; x_wconf 81' lang='lat' dir='ltr'><strong>funera</strong></span> <span class='ocrx_word' id='word_1_110' title='bbox 780 3221 875 3276; x_wconf 83' lang='lat' dir='ltr'><strong>natos</strong></span> 
     </span>
    </p>

    <p class='ocr_par' dir='ltr' id='par_1_9' title="bbox 68 3322 926 3900">
     <span class='ocr_line' id='line_1_20' title="bbox 68 3322 909 3419; baseline 0.008 -29"><span class='ocrx_word' id='word_1_111' title='bbox 68 3326 142 3416; x_wconf 81' lang='lat' dir='ltr'><strong>Ipsa</strong></span> <span class='ocrx_word' id='word_1_112' title='bbox 161 3322 265 3417; x_wconf 83' lang='lat' dir='ltr'><strong>gradu</strong></span> <span class='ocrx_word' id='word_1_113' title='bbox 283 3324 413 3394; x_wconf 85' lang='lat' dir='ltr'><strong>labente</strong></span> <span class='ocrx_word' id='word_1_114' title='bbox 431 3324 525 3413; x_wconf 87' lang='lat' dir='ltr'><strong>tulit,</strong></span> <span class='ocrx_word' id='word_1_115' title='bbox 541 3324 776 3419; x_wconf 83' lang='lat' dir='ltr'><strong>madidumque</strong></span> <span class='ocrx_word' id='word_1_116' title='bbox 792 3326 909 3396; x_wconf 90' lang='lat' dir='ltr'><strong>cecidit</strong></span> 
     </span>
     <span class='ocr_line' id='line_1_21' title="bbox 68 3443 853 3534; baseline 0.006 -23"><span class='ocrx_word' id='word_1_117' title='bbox 68 3443 203 3530; x_wconf 82' lang='lat' dir='ltr'><strong>Pectus,</strong></span> <span class='ocrx_word' id='word_1_118' title='bbox 222 3457 254 3511; x_wconf 88' lang='lat' dir='ltr'><strong>et</strong></span> <span class='ocrx_word' id='word_1_119' title='bbox 272 3444 422 3515; x_wconf 80' lang='lat' dir='ltr'><strong>ardentes</strong></span> <span class='ocrx_word' id='word_1_120' title='bbox 442 3447 595 3516; x_wconf 84' lang='lat' dir='ltr'><strong>restinxit</strong></span> <span class='ocrx_word' id='word_1_121' title='bbox 610 3444 695 3515; x_wconf 86' lang='lat' dir='ltr'><strong>lacte</strong></span> <span class='ocrx_word' id='word_1_122' title='bbox 711 3445 853 3534; x_wconf 80' lang='lat' dir='ltr'><strong>favillas3</strong></span> 
     </span>
     <span class='ocr_line' id='line_1_22' title="bbox 69 3561 926 3662; baseline 0.012 -35"><span class='ocrx_word' id='word_1_123' title='bbox 69 3563 229 3653; x_wconf 88' lang='lat' dir='ltr'><strong>Quisquis</strong></span> <span class='ocrx_word' id='word_1_124' title='bbox 246 3561 355 3631; x_wconf 85' lang='lat' dir='ltr'><strong>adhuc</strong></span> <span class='ocrx_word' id='word_1_125' title='bbox 369 3579 487 3636; x_wconf 81' lang='lat' dir='ltr'><strong>tenerae</strong></span> <span class='ocrx_word' id='word_1_126' title='bbox 504 3567 670 3662; x_wconf 83' lang='lat' dir='ltr'><strong>signatum</strong></span> <span class='ocrx_word' id='word_1_127' title='bbox 687 3565 768 3637; x_wconf 89' lang='lat' dir='ltr'><strong>flore</strong></span> <span class='ocrx_word' id='word_1_128' title='bbox 781 3568 926 3661; x_wconf 80' lang='lat' dir='ltr'><strong>juventae</strong></span> 
     </span>
     <span class='ocr_line' id='line_1_23' title="bbox 71 3679 877 3782; baseline 0.015 -37"><span class='ocrx_word' id='word_1_129' title='bbox 71 3679 235 3747; x_wconf 87' lang='lat' dir='ltr'><strong>Immersit</strong></span> <span class='ocrx_word' id='word_1_130' title='bbox 253 3681 353 3747; x_wconf 89' lang='lat' dir='ltr'><strong>cineri</strong></span> <span class='ocrx_word' id='word_1_131' title='bbox 368 3681 536 3772; x_wconf 84' lang='lat' dir='ltr'><strong>juvenem,</strong></span> <span class='ocrx_word' id='word_1_132' title='bbox 554 3689 724 3781; x_wconf 83' lang='lat' dir='ltr'><strong>primaque</strong></span> <span class='ocrx_word' id='word_1_133' title='bbox 739 3688 877 3782; x_wconf 81' lang='lat' dir='ltr'><strong>jacentis</strong></span> 
     </span>
     <span class='ocr_line' id='line_1_24' title="bbox 71 3796 826 3900; baseline 0.015 -35"><span class='ocrx_word' id='word_1_134' title='bbox 71 3800 208 3892; x_wconf 88' lang='lat' dir='ltr'><strong>Serpere</strong></span> <span class='ocrx_word' id='word_1_135' title='bbox 225 3796 375 3868; x_wconf 88' lang='lat' dir='ltr'><strong>crudeles</strong></span> <span class='ocrx_word' id='word_1_136' title='bbox 395 3800 477 3869; x_wconf 88' lang='lat' dir='ltr'><strong>vidit</strong></span> <span class='ocrx_word' id='word_1_137' title='bbox 492 3802 646 3900; x_wconf 82' lang='lat' dir='ltr'><strong>lanugine</strong></span> <span class='ocrx_word' id='word_1_138' title='bbox 664 3807 826 3895; x_wconf 84' lang='lat' dir='ltr'><strong>flammas,</strong></span> 
     </span>
    </p>

    <p class='ocr_par' dir='ltr' id='par_1_10' title="bbox 70 3915 858 4003">
     <span class='ocr_line' id='line_1_25' title="bbox 70 3915 858 4003; baseline 0.011 -17"><span class='ocrx_word' id='word_1_139' title='bbox 70 3915 180 4003; x_wconf 79' lang='lat' dir='ltr'><strong>Adsit,</strong></span> <span class='ocrx_word' id='word_1_140' title='bbox 200 3931 233 3985; x_wconf 91' lang='lat' dir='ltr'><strong>et</strong></span> <span class='ocrx_word' id='word_1_141' title='bbox 252 3916 380 3986; x_wconf 81' lang='lat' dir='ltr'><strong>alterno</strong></span> <span class='ocrx_word' id='word_1_142' title='bbox 399 3943 527 3988; x_wconf 88' lang='lat' dir='ltr'><strong>mecum</strong></span> <span class='ocrx_word' id='word_1_143' title='bbox 548 3921 689 3993; x_wconf 74' lang='lat' dir='ltr'><strong>clamore</strong></span> <span class='ocrx_word' id='word_1_144' title='bbox 707 3925 858 3995; x_wconf 80' lang='lat' dir='ltr'><strong>fatiscat:</strong></span> 
     </span>
    </p>
   </div>
   <div class='ocr_carea' id='block_1_8' title="bbox 70 4035 955 4191">
    <p class='ocr_par' dir='ltr' id='par_1_11' title="bbox 70 4035 955 4191">
     <span class='ocr_line' id='line_1_26' title="bbox 70 4035 877 4140; baseline 0.011 -37"><span class='ocrx_word' id='word_1_145' title='bbox 70 4036 233 4107; x_wconf 80' lang='lat' dir='ltr'><strong>Vincetur</strong></span> <span class='ocrx_word' id='word_1_146' title='bbox 252 4035 419 4132; x_wconf 77' lang='lat' dir='ltr'><strong>lacrymis,</strong></span> <span class='ocrx_word' id='word_1_147' title='bbox 438 4053 471 4109; x_wconf 93' lang='lat' dir='ltr'><strong>et</strong></span> <span class='ocrx_word' id='word_1_148' title='bbox 488 4053 535 4130; x_wconf 84' lang='lat' dir='ltr'><strong>te,</strong></span> <span class='ocrx_word' id='word_1_149' title='bbox 553 4045 697 4130; x_wconf 80' lang='lat' dir='ltr'><strong>Nature,</strong></span> <span class='ocrx_word' id='word_1_150' title='bbox 714 4044 850 4140; x_wconf 90' lang='lat' dir='ltr'><strong>pudebit</strong></span> <span class='ocrx_word' id='word_1_151' title='bbox 868 4070 877 4112; x_wconf 76' lang='grc' dir='ltr'><strong><em>ε</em></strong></span> 
     </span>
     <span class='ocr_line' id='line_1_27' title="bbox 904 4144 955 4191; baseline -0.098 0"><span class='ocrx_word' id='word_1_152' title='bbox 904 4147 917 4191; x_wconf 85' lang='lat' dir='ltr'><strong>r</strong></span> <span class='ocrx_word' id='word_1_153' title='bbox 929 4144 955 4188; x_wconf 89' lang='lat' dir='ltr'><strong>r.</strong></span> 
     </span>
    </p>
   </div>
   <div class='ocr_carea' id='block_1_9' title="bbox 0 0 1438 5258">
    <p class='ocr_par' dir='ltr' id='par_1_12' title="bbox 0 0 1438 5258">
     <span class='ocr_line' id='line_1_28' title="bbox 0 0 1438 5258; baseline 0 0"><span class='ocrx_word' id='word_1_154' title='bbox 0 0 1438 5258; x_wconf 95' lang='lat' dir='ltr'><strong> </strong></span> 
     </span>
    </p>
   </div>
  </div>
 </body>
</html>
