2812 5258
330 459 384 514 256
698 454 988 511 ADNOTATIONES

369 573 470 628 Adhuc
489 591 606 628 vacua...
627 572 695 625 Paa
710 569 747 647 (v.
768 568 824 641 65).
845 574 917 625 Ante
934 568 1059 641 positum
1078 568 1262 627 aimralaomm
1284 576 1368 631 Iovis

330 665 479 739 Olympici.

372 758 458 812 Servit
472 752 510 831 (v.
526 752 586 829 75).
605 753 755 824 subjacet,
770 764 801 807 ut
815 753 920 808 Plinius
934 751 963 807 in
976 752 1086 825 pictura
1094 752 1263 809 Tusculanae
1276 756 1368 829 villae,

331 850 422 922 Epist.
444 867 474 916 v,
489 846 520 916 6,
540 845 620 917 cujus
637 843 758 918 plurima
779 862 842 898 curn
860 853 958 899 nocuo
978 842 1098 897 carmine
1113 842 1223 899 utiliter
1239 864 1365 922 cornpa-

331 939 384 995 rari
399 948 532 1012 poterunt
546 957 552 991 :
567 936 725 991 «Piscinam
739 953 802 1008 quae
815 932 941 989 fenestris
954 933 1040 989 servit
1056 951 1088 990 ac
1102 934 1240 1005 subjacet.
1249 962 1261 986 ι
1278 939 1330 995 Sic
1336 925 1366 995 in

332 1049 389 1103 seq.
403 1048 486 1084 versu
498 1028 581 1083 etiam
590 1038 684 1100 paret.
699 1057 738 1067 -
751 1026 882 1099 Megalia
896 1036 924 1080 et
936 1027 1036 1080 Limon
1049 1025 1154 1098 praedia
1167 1038 1252 1083 erant
1268 1032 1364 1086 Pollii.

371 1121 491 1193 Angitur
510 1117 547 1192 (v.
564 1118 619 1195 81).
638 1122 725 1173 Recte
745 1118 906 1172 Weberus:
927 1117 1075 1173 «Indicari
1092 1117 1208 1173 videtur
1231 1123 1364 1194 quaedmn

330 1210 435 1265 invidia
447 1210 586 1279 Limonis,
600 1228 671 1283 aegre
687 1209 717 1263 id
731 1208 857 1279 serentis,
871 1208 894 1264 si
913 1208 1044 1264 dominus
1056 1208 1123 1265 alibi
1134 1220 1276 1266 versetur.
1290 1236 1303 1261 ι

371 1302 502 1373 Carystos
517 1300 552 1375 (v.
568 1298 627 1375 93).
641 1301 714 1355 Vide
728 1300 763 1355 ad
779 1320 804 1368 1,
821 1298 850 1370 5,
865 1299 910 1366 34.

372 1392 568 1465 Chalcidicas(
588 1434 594 1447 .
610 1389 667 1465 94).
682 1392 755 1447 Vide
768 1391 804 1446 ad
821 1411 846 1460 1,
862 1409 894 1461 a,
908 1389 974 1457 264.

370 1485 506 1539 Dicarchi
516 1487 618 1538 moenta
633 1482 669 1559 (v.
692 1483 729 1558 96
735 1482 754 1558 j
770 1486 865 1539 Festus
880 1503 886 1536 :
902 1507 914 1531 α
925 1482 1105 1537 Dicoearehc'o
1117 1483 1282 1541 vocabatur
1299 1504 1361 1561 quz

330 1596 405 1631 nune
418 1576 542 1645 Puteoli,
553 1575 632 1649 quod
642 1595 674 1630 ea
688 1576 784 1631 civitas
801 1575 943 1648 quondam
951 1572 1099 1645 justissime
1112 1574 1360 1647 gubernabatur..

331 1668 389 1722 Ubi
404 1667 468 1719 vide
483 1667 561 1735 intt.,
579 1677 607 1721 et
621 1667 721 1720 Markl.
737 1667 773 1721 ad
786 1668 814 1720 h.
825 1668 842 1720 l.
862 1666 897 1720 de
912 1666 1001 1720 forma
1014 1664 1098 1720 vocis

372 1757 541 1829 Tirynthia...
557 1760 633 1811 Aula
641 1754 679 1833 (v.
700 1758 773 1835 109).
787 1758 974 1812 Herculannm
990 1755 1188 1830 :quodquam
1207 1757 1358 1815 secumdum

331 1849 426 1917 fuerit,
440 1860 540 1904 notum
554 1849 684 1903 omnibus
702 1860 751 1903 est.

372 1941 542 2014 Therapuoei
563 1942 600 2015 (v.
620 1940 693 2015 ιιι).
716 1941 934 2009 Lacedaemonii,
956 1951 988 1994 ut
1011 1937 1128 1995 fluvium
1151 1940 1180 1994 in
1207 1944 1360 2000 Tarentino

330 2052 399 2109 agro
413 2044 494 2089 vocat
508 2033 654 2102 Martialis,
674 2051 713 2100 11,
729 2033 773 2097 43.
788 2034 872 2086 Plura
883 2030 983 2086 Mmld.

371 2126 424 2179 Hic
435 2144 484 2179 seu
496 2126 642 2181 siderius...
656 2137 730 2178 artes
746 2122 783 2199 (v.
802 2121 875 2197 ιιι).
893 2123 938 2177 Ad
954 2122 1132 2177 astronomiae
1145 2125 1360 2203 velasti-elogia

330 2217 422 2271 studia
436 2219 492 2271 hoe
505 2216 682 2272 referendum
696 2216 783 2283 foret,
799 2215 902 2288 quihus
911 2214 1001 2269 otium
1013 2213 1109 2269 fallere
1125 2227 1244 2287 poterat
1256 2218 1358 2273 amiects

330 2307 417 2363 Statii.
432 2308 487 2363 Sed
502 2309 585 2364 codd.
600 2308 684 2363 Paris.
699 2318 726 2361 et
743 2307 862 2382 Rhedig.
878 2326 884 2359 :
900 2331 912 2355 «ι
923 2306 975 2361 Hic
988 2306 1036 2359 ubi
1046 2305 1098 2361 sid.
1112 2326 1146 2361 z·
1160 2326 1222 2381 quo
1242 2320 1356 2383 recepto

331 2411 446 2472 apparet
460 2418 513 2471 pro
526 2400 657 2453 sublimes
671 2398 727 2453 dici
737 2398 910 2472 intelligique
921 2416 1025 2471 eaquae
1036 2398 1096 2468 jam
1106 2416 1162 2471 per
1172 2410 1265 2473 partes
1276 2419 1353 2455 exee-

331 2491 428 2564 quitur
451 2503 544 2564 poeta.
565 2492 637 2545 Nam
663 2491 773 2543 Pierios
798 2490 827 2543 in
853 2490 971 2564 Rhedig.
994 2500 1183 2545 correctorem
1203 2490 1299 2563 prodit
1318 2503 1353 2545 ut

330 2585 418 2638 multa
439 2583 469 2638 in
485 2601 520 2638 eo
542 2582 646 2637 codice.
665 2612 705 2621 -
721 2582 843 2635 Dissona
856 2583 982 2635 carmina
1002 2599 1062 2635 non
1076 2580 1130 2637 alia
1150 2599 1206 2639 eaeo
1217 2580 1355 2639 videntm

331 2693 417 2747 quam
435 2676 532 2731 satirae.

371 2769 528 2840 Plectrique
544 2784 634 2821 errore
644 2767 778 2839 superbus
792 2763 829 2841 (v.
848 2764 921 2841 137).
937 2766 1099 2822 Gronovius
1112 2765 1360 2823 intellexitzmotu

330 2859 429 2929 plectri
446 2857 648 2930 puchardus,
665 2857 744 2930 quod
762 2857 881 2912 dubium
896 2877 954 2914 esse
968 2855 1173 2914 demonstravit
1185 2856 1361 2915 Maakl‘l'u-

330 2948 385 3003 tius
400 2949 537 3003 Weberus
559 2949 679 3021 explieat
699 2949 734 3003 de
752 2948 869 3018 juvenili
887 2949 992 3022 ingenii
1011 2949 1094 3018 lusu,
1112 2966 1175 3023 quo
1192 2966 1248 3023 per
1270 2950 1362 3005 varias

329 3059 374 3095 res
387 3041 496 3113 poetice
511 3041 686 3095 exornandas
699 3041 802 3095 Pollius
820 3041 973 3115 vagabatur
985 3052 1013 3095 et
1027 3042 1149 3096 errabat.

371 3138 453 3188 Alios
474 3135 565 3189 decuit
584 3133 739 3187 Concordia
752 3144 857 3187 ruentes
875 3130 911 3207 (v.
929 3130 1003 3207 154).
1018 3135 1122 3187 Veram
1135 3150 1194 3189 esse
1208 3134 1360 3191 lectionem

330 3237 401 3298 puto
418 3244 502 3299 quam
519 3225 644 3296 praebent
656 3223 720 3278 cod.
735 3223 819 3279 Paris.
835 3234 864 3278 et
876 3224 994 3297 Rhodig.
1010 3244 1017 3278 :
1031 3225 1139 3291 docaria,
1154 3223 1362 3295 institnit,l'or-

330 3317 423 3370 inavit.

370 3408 461 3462 Canu.
478 3408 528 3460 Ill.
545 3408 648 3461 Caelica
663 3406 673 3483 (
680 3408 759 3463 Coelii
771 3405 885 3483 montis)
899 3405 1092 3483 tectasubit(v.
1110 3408 1166 3483 td).
1181 3432 1194 3457 α
1205 3410 1361 3481 Quomodo

331 3498 385 3552 dici
394 3497 488 3570 potuit
500 3499 606 3552 Pholoe
618 3501 735 3555 subz'tise
745 3513 831 3566 tecta,
843 3519 930 3572 quum
940 3499 1032 3555 statim
1040 3510 1178 3573 sequatur
1183 3500 1265 3557 illam
1270 3501 1359 3575 (lepo-

330 3590 415 3644 suisse
432 3608 460 3643 se
480 3588 509 3642 in
525 3590 651 3662 nrargine
664 3593 751 3663 rcpoe,
767 3603 793 3646 et
808 3610 842 3647 eo
856 3593 919 3646 loeo
934 3592 983 3646 ubi
1002 3611 1073 3646 nunc
1086 3601 1153 3646 sunt
1168 3592 1246 3649 ades
1259 3592 1360 3649 Melio-

331 3680 388 3736 ris?
406 3682 476 3754 quin
490 3692 517 3734 et
535 3679 624 3735 Diana
647 3700 707 3735 eam
730 3685 879 3738 cubantem
900 3683 987 3753 vidit,
1005 3684 1074 3738 dum
1089 3694 1167 3739 errat
1182 3683 1242 3757 p'er
1258 3696 1361 3761 septem

329 3773 406 3846 juga.
425 3774 490 3827 Non
512 3771 599 3846 igitur
619 3773 692 3828 intra
711 3787 781 3830 tecta
795 3787 862 3830 tunc
877 3774 931 3830 tuit
944 3776 1061 3843 Pholoe,
1082 3774 1133 3829 sed
1145 3776 1200 3829 sub
1218 3778 1287 3845 da,
1307 3794 1362 3832 tta-

331 3867 426 3937 doque
440 3865 491 3919 sub
509 3866 617 3921 aetheris
630 3885 689 3921 axe.
712 3869 803 3943 Lege:
818 3893 829 3917 «ι
844 3868 946 3925 Coelica
968 3880 1043 3923 tesca
1064 3866 1155 3922 subit:
1166 3892 1179 3917 ι
1193 3880 1276 3925 tesca
1292 3868 1362 3925 enin

331 3977 381 4013 seu
393 3968 490 4029 tesqua
503 3967 568 4011 suut
582 3958 643 4013 loca
657 3978 754 4032 aspera
775 3971 804 4016 et
820 3961 939 4030 inculta,
962 3958 1056 4032 qualia
1077 3959 1137 4014 lere
1157 3970 1229 4017 sunt
1246 3970 1360 4017 montes

332 4048 405 4103 Vide
422 4048 547 4115 lionam,
564 4048 648 4119 Epist.
666 4070 691 4120 1,
712 4060 762 4120 ιι,
782 4053 969 4125 193Lucar.,
990 4069 1035 4119 vr,
1051 4057 1102 4117 4⁰3
1115 4047 1247 4129 interpp.
1261 4052 1362 4110 adVe·
