2812 5258
91 415 205 481 (essa.)
396 415 610 475 manumos
631 416 743 474 unm
762 418 824 474 vu.
941 393 945 400 ’
1076 433 1128 487 107

91 540 176 607 Mite
191 538 328 633 jugum,
343 534 421 606 belli
438 538 608 633 quondam
626 554 776 609 vastator
791 541 852 609 Eoi

91 660 238 742 Currus,
257 656 436 750 Erythsmis
452 682 536 750 quas
553 683 660 752 nuper
675 660 784 727 victor
799 659 841 727 ab
858 661 925 728 oris

91 775 193 845 Liber
210 776 247 845 in
265 776 390 847 Aonios
406 777 540 847 meritas
558 776 729 847 dimiserat
745 801 843 872 agros

91 893 169 964 Illas
186 895 284 964 turba
301 897 381 982 Dei,
399 897 575 991 seniorque
592 921 632 966 ex
651 921 744 967 more
760 895 913 967 sacerdos

92 1017 270 1112 Sanguinis
288 1015 427 1105 oblitas,
445 1031 545 1112 atque
557 1017 681 1089 Indum
700 1041 837 1113 gramen
852 1016 995 1104 olentes,

90 1135 231 1206 Palmite
248 1151 380 1206 maturo
396 1139 561 1231 variisque
578 1161 700 1209 ornare
716 1137 881 1232 corymbis

91 1259 213 1344 Curat,
231 1270 265 1326 et
280 1254 409 1325 alterno
425 1255 571 1327 maculas
584 1256 756 1352 interligat
773 1272 876 1327 ostro.

90 1379 231 1470 Jamque
250 1377 311 1469 ipsi
330 1372 446 1459 colles,
462 1377 536 1470 ipsa
549 1376 625 1463 has,
643 1373 721 1471 quis
740 1377 874 1447 credat?
891 1376 1049 1447 amabant

91 1499 266 1581 Armenta,
285 1509 385 1589 atque
400 1519 487 1567 ausa
507 1498 633 1568 circum
652 1497 783 1594 mugire
798 1497 958 1590 juvenem.

90 1619 226 1712 Quippe
245 1613 327 1689 nihil
344 1630 493 1713 grassum
511 1616 634 1708 sames,
653 1642 772 1689 mantas
793 1617 893 1688 obvia
910 1617 1037 1713 pascit,

89 1739 358 1831 Exspectantque
376 1738 488 1827 cibos,
506 1736 648 1832 fusoque
663 1736 833 1809 horrenda
852 1738 1012 1833 supinant

89 1859 161 1926 Ora
179 1880 287 1945 mero,
304 1881 388 1952 vaga
407 1882 486 1928 rure
504 1859 621 1952 quies:
640 1857 822 1952 siquando
841 1858 987 1956 benigno

88 1976 217 2046 Urbem
232 1978 338 2045 iniere
356 1975 478 2072 modu,
498 1977 617 2049 domus
634 1980 760 2064 omnis,
779 1993 812 2049 et
830 1985 941 2053 omnia
959 1979 1062 2053 sacris

89 2094 230 2189 Templa
247 2094 372 2184 calent,
389 2097 565 2191 ipsumque
581 2098 664 2171 fides
684 2106 823 2173 intrasse
840 2107 987 2199 Lyaeum.

137 2218 207 2284 Has
227 2215 285 2285 ubi
303 2217 440 2310 vipereo
456 2231 560 2289 tactas
577 2239 629 2293 ter
646 2239 823 2317 utramque
840 2221 971 2321 flagello

89 2338 246 2406 Eumenis
262 2338 298 2407 in
316 2335 437 2431 mnas,
458 2345 672 2438 animumque
688 2344 798 2415 redire
815 2346 961 2440 priorem

90 2463 243 2561 impulit,
260 2478 442 2559 erumpunt
462 2488 531 2534 non
547 2466 805 2560 agnoscentibus
824 2468 947 2563 Argis:

88 2590 161 2657 eeu
174 2585 243 2655 duo
260 2583 392 2656 diverso
405 2563 532 2680 pariter
551 2586 578 2656 si
597 2587 739 2657 fulmina
756 2585 842 2656 coelo

89 2710 202 2800 Rupta
218 2704 358 2789 cadant,
378 2703 583 2799 longumque
601 2706 736 2775 trahant
754 2730 814 2800 per
832 2708 948 2775 nubila
966 2709 1102 2776 crinem.

137 2830 217 2899 Non
236 2826 333 2897 aliter
351 2850 452 2896 cursu
472 2824 613 2918 rapidae,
633 2839 732 2918 atque
748 2827 894 2895 immane
910 2826 1088 2895 frementes

90 2947 296 3018 Transiliunt
314 2971 467 3041 campos,
484 2946 702 3040 aurigamque
719 2945 843 3039 impete
861 2959 973 3032 vasto,

90 3068 311 3164 Amphiarae,
331 3081 426 3137 tuum
445 3072 521 3162 (nec
538 3064 643 3135 defuit
660 3089 774 3154 omen,
793 3062 914 3135 heriles

90 3192 189 3259 Forte
209 3190 237 3258 is
255 3190 384 3285 primus
400 3212 504 3282 equos
522 3202 640 3282 stagna
661 3185 704 3254 ad
720 3187 831 3254 vicina
852 3185 1027 3275 trahebat)

91 3313 310 3408 Corripiunt:
327 3334 405 3379 mox
421 3310 609 3379 Taenarium
628 3309 685 3401 qui
704 3294 878 3401 proximus
894 3306 991 3376 Idam

90 3434 302 3528 AEtolumque
320 3437 505 3504 Acamanta
522 3444 702 3524 premunt:
719 3428 798 3524 fuga
812 3443 910 3499 torva
922 3453 983 3524 per
999 3453 1099 3525 agros

89 3553 337 3648 Cornipedum,
357 3555 428 3623 visa
445 3551 553 3621 donec
572 3550 763 3620 flammuus
783 3555 951 3621 Aconteus

89 3677 208 3768 Strage
224 3674 350 3759 virum,
368 3675 422 3744 cui
442 3686 535 3743 sueta
551 3671 637 3741 feras
654 3686 866 3765 prosternere
886 3673 1014 3759 virtus,

89 3796 194 3864 Areas
211 3806 297 3880 erat,
316 3792 429 3863 densis
440 3794 511 3887 jam
528 3791 596 3862 fida
614 3790 657 3861 ad
672 3793 794 3861 moenia
815 3817 928 3862 versas

90 3915 283 4008 Insequitur
300 3912 390 4000 telis,
411 3912 620 4008 multumque
637 3912 757 3983 hastile
778 3938 949 3984 resumens

89 4035 170 4121 Ter,
187 4049 321 4128 quater,
341 4030 487 4103 adduuo
504 4057 565 4128 per
584 4049 692 4130 terga,
707 4058 769 4129 per
785 4033 841 4103 ilia
861 4033 928 4105 telo
