2812 5258
289 403 343 457 118
589 403 798 462 tenesmos
820 401 931 460 nmen
945 401 1024 459 vlu.
1221 400 1255 465 (v.
1267 402 1321 464 55)

286 531 342 597 Me
362 527 448 596 ferus
465 523 611 612 Alcides,
629 541 708 595 tunc
725 550 829 619 quum
847 523 984 595 custode
999 537 1128 596 remoto

285 653 402 717 Ferrea
422 646 592 716 Cerbereae
610 659 783 717 tacuerunt
803 642 917 717 limine
932 658 1046 738 portae.

285 766 433 860 Odrysiis
451 768 552 861 etiam
572 765 676 861 pudet
692 760 773 834 heu!
795 765 940 858 patuisse
957 761 1099 856 querelis

284 887 423 954 Tartara
438 872 532 955 indi
549 900 681 980 egomet
695 883 818 954 blanda
829 886 920 955 'inter
937 884 1084 952 carmina
1100 897 1212 976 turpes

285 1005 505 1080 Eumenidum
523 1003 699 1099 lacrymae,
718 1006 901 1096 iterataque
923 1027 1024 1095 pensa
1044 1027 1208 1071 sororum.

284 1129 341 1194 Me
357 1150 490 1219 quoque
511 1151 519 1193 :
539 1124 595 1196 sed
614 1124 705 1194 durae
724 1123 841 1198 melior
859 1121 1016 1193 violentia
1033 1122 1124 1218 legis.

283 1249 343 1315 Ast
361 1270 424 1340 ego
442 1247 496 1312 vix
515 1269 635 1330 unum,
653 1268 717 1314 nec
731 1243 818 1315 oelsa
834 1244 876 1313 ad
896 1242 1023 1331 sidera,
1039 1243 1128 1312 furto

284 1368 394 1434 Ausus
412 1365 487 1450 iter,
504 1361 616 1434 Siculo
630 1366 727 1458 rapui
744 1365 911 1437 eounuhia
929 1388 1070 1458 eampo:

284 1489 355 1556 Nec
375 1483 505 1554 licuisse
521 1483 648 1572 ferunt,
668 1485 862 1578 injusteque
878 1483 921 1551 ab
940 1487 1023 1552 Jove
1042 1482 1129 1578 leges

284 1607 456 1693 Protinus,
475 1618 510 1674 et
528 1618 654 1675 sectum
674 1605 816 1698 genitrix
836 1605 917 1673 mihi
937 1619 1110 1697 computat
1129 1629 1264 1673 annum.

284 1722 349 1791 Sed
368 1722 449 1816 quid
468 1746 530 1818 ego
549 1722 642 1795 haec?
659 1725 692 1811 I,
711 1724 885 1793 Tartareas
904 1720 1061 1798 ulciscere
1077 1722 1188 1810 sedes,

283 1843 480 1935 Tisiphone,
498 1857 548 1930 et,
566 1844 594 1912 si
611 1841 745 1936 quando
762 1842 856 1911 novis
876 1826 1058 1935 asperrima
1075 1843 1250 1929 monstris,

284 1963 411 2051 Triste,
428 1946 613 2049 insuetum,
630 1963 768 2057 ingens,
786 1961 878 2056 quod
897 1961 1048 2033 nondum
1067 1962 1187 2031 viderit
1203 1963 1323 2050 aether,

285 2081 356 2150 Ede
374 2081 481 2169 nelas,
498 2081 590 2175 quod
606 2083 708 2157 mirer
726 2105 808 2176 ego,
829 2080 1066 2175 invideantque
1084 2063 1240 2151 sorores..

285 2203 393 2292 Atque
411 2201 494 2272 adeo
511 2201 648 2289 fratres,
668 2203 856 2294 nostrisque
871 2202 940 2271 heo
957 2203 1070 2272 omina
1088 2217 1186 2270 sunto

286 2319 395 2386 Prima
412 2319 515 2404 odiis,
534 2318 654 2392 fratres
670 2318 799 2390 alterna
816 2322 851 2389 in
870 2317 1008 2393 vulnere
1025 2318 1100 2389 luto

247 2473 249 2476 ·
286 2439 397 2506 Marte
416 2451 541 2507 ruant:
559 2439 617 2524 sit,
636 2423 704 2530 qui
712 2439 904 2516 rabidarum
920 2462 1013 2511 more
1029 2437 1172 2509 serarum

285 2556 426 2626 Mandat
440 2570 535 2626 atrox
550 2556 671 2628 hostile
690 2573 808 2654 caput,
828 2558 1046 2653 quique0igne
1067 2580 1220 2649 supremo

286 2679 404 2746 Arceat
421 2677 604 2766 exanimes,
621 2692 654 2748 et
672 2678 825 2755 manibus
842 2679 964 2749 athera
984 2677 1082 2748 nudis

287 2795 516 2867 Commeeulet
530 2823 538 2865 :
551 2798 648 2891 juvet
665 2800 727 2868 ista
743 2798 849 2869 ferum
866 2814 1013 2894 spectare
1031 2801 1227 2867 Tonantem.

286 2919 448 2986 Praeterea
468 2941 510 2986 ne
528 2915 599 2987 sola
616 2917 711 2987 furor
729 2943 803 2994 inea
821 2901 923 3013 regna
942 2917 1094 3004 laoessat,

288 3037 409 3124 Quaere
425 3039 504 3106 Deis
524 3040 582 3131 qui
602 3037 688 3111 bella
706 3039 805 3126 ferat,
826 3041 883 3132 qui
902 3036 1048 3107 fulminis
1067 3041 1173 3132 ignes,

287 3155 513 3250 Infestumque
528 3124 646 3228 lovem
662 3155 779 3253 clypeo
798 3157 946 3226 fumante
966 3156 1111 3251 repellat.

287 3277 377 3345 Faxo
395 3274 486 3355 haud
505 3277 547 3346 sit
564 3278 693 3348 cunetis
711 3275 816 3347 levior
834 3291 959 3365 metus,
976 3291 1048 3345 atra
1065 3300 1198 3345 movere

287 3394 441 3481 Tartara,
458 3393 625 3467 frondenti
646 3419 745 3488 quam
762 3395 901 3490 jungere
918 3394 1032 3468 Pelion
1052 3397 1179 3467 Osse»

337 3515 495 3581 Dixerat:
512 3525 612 3606 atque
628 3512 677 3589 illi
694 3512 892 3609 jamdudum
912 3517 1002 3609 regia
1023 3516 1123 3584 tristis

288 3635 445 3702 Attremit
460 3634 585 3719 oranti,
604 3657 751 3730 suaque,
771 3650 805 3703 et
823 3661 896 3729 quae
915 3635 1057 3730 desuper
1073 3648 1188 3729 urget,

289 3753 437 3824 Nutabnt
455 3751 550 3823 tellus
569 3760 668 3830 :nou
688 3755 805 3827 toruus
822 3759 943 3826 aethera
963 3756 1054 3824 vultu

290 3876 453 3966 Torquet,
471 3888 505 3942 et
519 3874 685 3944 astriferos
704 3875 842 3946 inclinat
859 3879 1010 3971 Iuppiter
1028 3903 1114 3946 axe.

339 3998 409 4063 «At
425 3992 484 4062 tihi
505 4019 587 4088 quoe
605 3995 758 4090 (inquit)
774 4022 904 4086 manes,
927 4000 983 4091 qui
1004 3997 1106 4068 limite
1124 4020 1270 4091 praeceps
