2812 5258
211 408 267 466 256
310 402 337 427 l·
501 410 711 465 annuamus
732 411 841 465 LIBER
864 411 932 465 Xll.
1133 407 1252 469 (mss.)

209 535 395 603 Continuat
415 561 422 602 :
441 533 563 602 ferrum
586 536 767 602 consumsit
787 550 920 627 pectore
938 533 1096 621 Phyleus,

210 655 279 722 Ore
301 651 479 721 momordit
494 649 632 746 Helops,
650 653 791 721 humero
811 653 991 723 transmisit
1007 634 1118 746 Iapyx.

258 777 393 866 Jamque
409 786 443 839 et
459 772 660 867 quadrijugo
676 771 800 842 celsum
817 774 901 867 petit
920 777 1079 842 Haemona
1095 796 1223 856 curru,

210 891 486 984 Horrendumque
505 917 606 961 manu
625 890 727 961 telum
743 909 857 963 rotat:
878 892 932 961 ille
951 907 1108 986 paventes

210 1010 402 1104 Obliquavit
421 1037 544 1107 equos:
559 1011 661 1107 longo
679 1013 806 1108 perlata
823 1030 939 1083 tenore

209 1132 353 1200 Transiit
370 1133 465 1201 hasta
483 1132 590 1201 duos:
607 1135 739 1203 sitiebat
755 1133 894 1203 vulnera
914 1159 974 1201 nec
995 1159 1061 1201 non

208 1254 337 1340 Tertia,
356 1253 413 1321 sed
432 1254 541 1323 medio
559 1257 668 1349 cuspis
687 1270 818 1324 temone
836 1270 963 1324 retenta
984 1269 1043 1322 est.

257 1372 321 1442 Sed
341 1372 447 1442 solum
467 1377 569 1463 votis,
588 1373 694 1443 solum
713 1375 858 1445 clamore
876 1373 1045 1444 fremendo

209 1496 374 1563 Omnibus
393 1497 427 1563 in
448 1496 567 1564 turmis
582 1510 742 1589 optatque
760 1510 921 1589 vocatque
938 1499 1093 1565 Creonta.

208 1623 317 1709 Atque
332 1618 422 1685 hunc
440 1617 569 1685 diversa
588 1615 751 1685 bellorum
767 1620 800 1685 in
819 1617 929 1685 fronte
945 1615 1108 1709 maniplos

209 1740 405 1806 Hortantem
424 1737 538 1822 dictis,
556 1736 743 1829 frustraque
762 1753 907 1806 extrema
926 1739 1109 1805 minantem

209 1858 403 1951 Conspicit:
422 1857 605 1928 abscedunt
623 1859 778 1947 comites,
797 1874 830 1927 et
846 1859 975 1927 Thesea
993 1858 1074 1951 jussi

208 1980 441 2073 Linquebant,
459 1981 600 2074 fretique
616 1981 714 2070 Deis,
731 1995 830 2075 atque
849 1981 953 2074 ipsius
970 1981 1080 2048 armis.

208 2099 268 2169 Ille
287 2116 397 2186 tenet,
417 2116 616 2195 revocatque
632 2126 734 2171 suos:
754 2117 855 2196 utque
874 2127 967 2196 aequa
987 2102 1114 2170 notavit

208 2223 294 2291 Hinc
314 2238 412 2317 atque
431 2225 510 2293 hinc
529 2225 623 2311 odia,
642 2239 789 2293 extrema
807 2250 841 2293 se
860 2223 986 2319 colligit
1007 2225 1072 2311 ira,

207 2347 279 2412 Jam
297 2341 392 2411 letale
408 2344 536 2430 furens,
550 2359 650 2436 atque
667 2342 774 2411 audax
790 2358 897 2412 morte
915 2343 1025 2412 futura
1042 2370 1050 2410 :

208 2493 225 2528 α
240 2466 317 2534 Non
334 2488 412 2531 cum
432 2461 607 2556 peltiferis,
624 2462 689 2550 ait,
704 2462 774 2531 haec
789 2461 850 2530 tibi
866 2486 980 2555 pugna
1000 2460 1134 2555 puellis,

207 2586 380 2679 Virgineus
399 2607 460 2652 nec
479 2583 576 2652 crede
595 2607 712 2653 manus
728 2609 736 2651 ε
752 2584 807 2652 hic
824 2582 928 2653 cruda
946 2583 1094 2650 virorum

207 2703 348 2774 Proelia:
367 2728 427 2795 nos
443 2729 603 2799 magnum
620 2706 677 2799 qui
693 2704 822 2800 Tydea,
841 2707 965 2800 quique
980 2703 1144 2771 furentem

207 2825 476 2918 Hippomedonta
493 2828 584 2911 neci,
605 2830 822 2921 Capaneaque
839 2826 985 2893 misimus
1003 2823 1128 2891 umbris

209 2948 358 3013 Pectora.
374 2944 459 3032 Qua
478 2944 602 3014 bellum
624 2971 769 3039 praeceps
782 2945 923 3012 amentia
942 2945 1064 3030 suasit,
1116 2985 1121 2995 ·

208 3065 386 3160 Improbe?
405 3091 516 3134 nonne
534 3066 642 3154 vides,
661 3090 743 3158 quos
760 3062 939 3147 ulciscare,
955 3065 1121 3157 jacentes?
1136 3095 1152 3128 s

256 3188 310 3254 Sic
331 3188 395 3274 ait,
414 3200 447 3254 et
467 3186 589 3255 frustra
610 3186 794 3279 periturum
814 3183 937 3253 missile
956 3210 1085 3254 summo

207 3305 323 3374 affixit
343 3305 459 3400 clypeo
477 3331 485 3373 :
505 3308 577 3375 risit
596 3327 756 3397 vocesque
776 3329 979 3399 manumque

207 3423 370 3495 Horridus
390 3426 542 3520 AEgides‚
564 3425 750 3516 ferrataque
769 3426 887 3495 arbore
906 3450 1043 3521 magnos

204 3542 349 3612 Molitur
366 3547 494 3637 jactus,
516 3569 661 3613 necnon
680 3546 773 3638 prius
792 3571 849 3615 ore
867 3548 1011 3640 superbo

87 3725 89 3729 ,
206 3664 364 3731 Intonat:
382 3662 575 3757 «Argolici,
592 3664 713 3756 quibus
734 3666 802 3734 haec
820 3666 920 3735 datur
935 3667 1062 3749 hostia,
1080 3669 1214 3751 Manes,

207 3781 345 3850 Pandite
362 3785 558 3851 Tartareum
576 3785 697 3873 chaos,
719 3783 921 3879 ultricesque
940 3802 1052 3881 parate

208 3902 425 3991 Eumenidas,
445 3905 536 3972 venit
553 3929 630 3974 ecce
650 3910 804 3976 Creon.»
825 3907 879 3977 Sic
898 3907 1004 3993 factm,
1024 3923 1057 3975 et
1074 3933 1172 3976 auras

209 4026 354 4120 Dissipat
371 4026 466 4095 hasta
484 4041 649 4096 tremens:
670 4041 749 4096 tunc
768 4053 834 4121 qua
856 4029 1040 4098 subtemine
1060 4029 1144 4097 duro
