<?xml version="1.0" encoding="UTF-8"?>
<!DOCTYPE html PUBLIC "-//W3C//DTD XHTML 1.0 Transitional//EN"
    "http://www.w3.org/TR/xhtml1/DTD/xhtml1-transitional.dtd">
<html xmlns="http://www.w3.org/1999/xhtml" xml:lang="en" lang="en">
 <head>
  <title>
</title>
<meta http-equiv="Content-Type" content="text/html;charset=utf-8" />
  <meta name='ocr-system' content='tesseract 3.04.00' />
  <meta name='ocr-capabilities' content='ocr_page ocr_carea ocr_par ocr_line ocrx_word'/>
</head>
<body>
  <div class='ocr_page' id='page_1' title='image "./publiipapiniist01statgoog_0057.png"; bbox 0 0 2812 5258; ppageno 0'>
   <div class='ocr_carea' id='block_1_1' title="bbox 183 411 1031 4046">
    <p class='ocr_par' dir='ltr' id='par_1_1' title="bbox 183 411 977 743">
     <span class='ocr_line' id='line_1_1' title="bbox 183 411 872 472; baseline 0.01 -11"><span class='ocrx_word' id='word_1_1' title='bbox 183 416 264 472; x_wconf 60' lang='lat' dir='ltr'>(aas)</span> <span class='ocrx_word' id='word_1_2' title='bbox 517 411 704 467; x_wconf 78' lang='lat' dir='ltr'>stLvnttunt</span> <span class='ocrx_word' id='word_1_3' title='bbox 723 412 830 467; x_wconf 82' lang='lat' dir='ltr'>LIBER</span> <span class='ocrx_word' id='word_1_4' title='bbox 850 416 872 468; x_wconf 86' lang='lat' dir='ltr'>t.</span> 
     </span>
     <span class='ocr_line' id='line_1_2' title="bbox 279 531 977 626; baseline 0.009 -28"><span class='ocrx_word' id='word_1_5' title='bbox 279 535 351 598; x_wconf 88' lang='lat' dir='ltr'>Jam</span> <span class='ocrx_word' id='word_1_6' title='bbox 368 555 401 598; x_wconf 89' lang='lat' dir='ltr'>se</span> <span class='ocrx_word' id='word_1_7' title='bbox 419 531 580 624; x_wconf 87' lang='lat' dir='ltr'>(quisquis</span> <span class='ocrx_word' id='word_1_8' title='bbox 598 532 625 597; x_wconf 90' lang='lat' dir='ltr'>is</span> <span class='ocrx_word' id='word_1_9' title='bbox 646 531 712 621; x_wconf 89' lang='lat' dir='ltr'>est)</span> <span class='ocrx_word' id='word_1_10' title='bbox 733 534 844 626; x_wconf 88' lang='lat' dir='ltr'>inops,</span> <span class='ocrx_word' id='word_1_11' title='bbox 863 533 977 604; x_wconf 87' lang='lat' dir='ltr'>beatus</span> 
     </span>
     <span class='ocr_line' id='line_1_3' title="bbox 277 647 839 743; baseline 0.005 -27"><span class='ocrx_word' id='word_1_12' title='bbox 277 650 457 717; x_wconf 83' lang='lat' dir='ltr'>Convivam</span> <span class='ocrx_word' id='word_1_13' title='bbox 475 647 567 718; x_wconf 87' lang='lat' dir='ltr'>ducis</span> <span class='ocrx_word' id='word_1_14' title='bbox 586 672 653 716; x_wconf 87' lang='lat' dir='ltr'>esse</span> <span class='ocrx_word' id='word_1_15' title='bbox 671 648 839 743; x_wconf 87' lang='lat' dir='ltr'>gloriatur.</span> 
     </span>
    </p>

    <p class='ocr_par' dir='ltr' id='par_1_2' title="bbox 326 767 995 863">
     <span class='ocr_line' id='line_1_4' title="bbox 326 767 995 863; baseline 0.007 -28"><span class='ocrx_word' id='word_1_16' title='bbox 326 771 392 835; x_wconf 86' lang='lat' dir='ltr'>Hos</span> <span class='ocrx_word' id='word_1_17' title='bbox 413 769 498 834; x_wconf 90' lang='lat' dir='ltr'>inter</span> <span class='ocrx_word' id='word_1_18' title='bbox 517 767 680 854; x_wconf 80' lang='lat' dir='ltr'>fremitus,</span> <span class='ocrx_word' id='word_1_19' title='bbox 700 794 867 863; x_wconf 90' lang='lat' dir='ltr'>novosque</span> <span class='ocrx_word' id='word_1_20' title='bbox 886 770 995 859; x_wconf 87' lang='lat' dir='ltr'>luxus,</span> 
     </span>
    </p>

    <p class='ocr_par' dir='ltr' id='par_1_3' title="bbox 278 884 860 982">
     <span class='ocr_line' id='line_1_5' title="bbox 278 884 860 982; baseline 0.005 -28"><span class='ocrx_word' id='word_1_21' title='bbox 278 885 449 979; x_wconf 83' lang='lat' dir='ltr'><strong>Spectandi</strong></span> <span class='ocrx_word' id='word_1_22' title='bbox 471 884 549 953; x_wconf 91' lang='lat' dir='ltr'>levis</span> <span class='ocrx_word' id='word_1_23' title='bbox 568 885 682 980; x_wconf 81' lang='lat' dir='ltr'>effugit</span> <span class='ocrx_word' id='word_1_24' title='bbox 702 886 860 982; x_wconf 89' lang='lat' dir='ltr'>voluptas.</span> 
     </span>
    </p>

    <p class='ocr_par' dir='ltr' id='par_1_4' title="bbox 276 1000 888 1098">
     <span class='ocr_line' id='line_1_6' title="bbox 276 1000 888 1098; baseline 0.007 -27"><span class='ocrx_word' id='word_1_25' title='bbox 276 1007 344 1072; x_wconf 84' lang='lat' dir='ltr'>Stat</span> <span class='ocrx_word' id='word_1_26' title='bbox 362 1029 457 1071; x_wconf 87' lang='lat' dir='ltr'>sexus</span> <span class='ocrx_word' id='word_1_27' title='bbox 477 1003 583 1090; x_wconf 89' lang='lat' dir='ltr'>rudis,</span> <span class='ocrx_word' id='word_1_28' title='bbox 600 1000 784 1098; x_wconf 84' lang='lat' dir='ltr'>insciusque</span> <span class='ocrx_word' id='word_1_29' title='bbox 798 1007 888 1093; x_wconf 79' lang='lat' dir='ltr'>ferri,</span> 
     </span>
    </p>

    <p class='ocr_par' dir='ltr' id='par_1_5' title="bbox 275 1123 893 1216">
     <span class='ocr_line' id='line_1_7' title="bbox 275 1123 893 1216; baseline 0.002 -26"><span class='ocrx_word' id='word_1_30' title='bbox 275 1126 315 1190; x_wconf 86' lang='lat' dir='ltr'>Et</span> <span class='ocrx_word' id='word_1_31' title='bbox 333 1146 461 1215; x_wconf 89' lang='lat' dir='ltr'>pugnas</span> <span class='ocrx_word' id='word_1_32' title='bbox 480 1123 567 1214; x_wconf 84' lang='lat' dir='ltr'><strong>capit</strong></span> <span class='ocrx_word' id='word_1_33' title='bbox 587 1123 755 1216; x_wconf 89' lang='lat' dir='ltr'>improbus</span> <span class='ocrx_word' id='word_1_34' title='bbox 775 1123 893 1193; x_wconf 87' lang='lat' dir='ltr'>viriles.</span> 
     </span>
    </p>

    <p class='ocr_par' dir='ltr' id='par_1_6' title="bbox 201 1239 972 1428">
     <span class='ocr_line' id='line_1_8' title="bbox 275 1239 972 1334; baseline 0.006 -28"><span class='ocrx_word' id='word_1_35' title='bbox 275 1240 398 1307; x_wconf 85' lang='lat' dir='ltr'>Credas</span> <span class='ocrx_word' id='word_1_36' title='bbox 417 1239 458 1307; x_wconf 89' lang='lat' dir='ltr'>ad</span> <span class='ocrx_word' id='word_1_37' title='bbox 477 1242 628 1327; x_wconf 85' lang='lat' dir='ltr'>Tanaim,</span> <span class='ocrx_word' id='word_1_38' title='bbox 648 1240 818 1334; x_wconf 85' lang='lat' dir='ltr'>serumque</span> <span class='ocrx_word' id='word_1_39' title='bbox 838 1243 972 1326; x_wconf 79' lang='lat' dir='ltr'>Phasin,</span> 
     </span>
     <span class='ocr_line' id='line_1_9' title="bbox 201 1335 856 1428; baseline 0.006 -4"><span class='ocrx_word' id='word_1_40' title='bbox 201 1335 205 1344; x_wconf 93' lang='lat'><em>.</em></span> <span class='ocrx_word' id='word_1_41' title='bbox 270 1357 582 1426; x_wconf 83' lang='lat' dir='ltr'>Thermodontiaeas</span> <span class='ocrx_word' id='word_1_42' title='bbox 600 1356 705 1426; x_wconf 88' lang='lat' dir='ltr'>calere</span> <span class='ocrx_word' id='word_1_43' title='bbox 724 1373 856 1428; x_wconf 87' lang='lat' dir='ltr'>turmas.</span> 
     </span>
    </p>

    <p class='ocr_par' dir='ltr' id='par_1_7' title="bbox 269 1475 1000 2392">
     <span class='ocr_line' id='line_1_10' title="bbox 320 1475 950 1570; baseline 0.002 -26"><span class='ocrx_word' id='word_1_44' title='bbox 320 1476 381 1544; x_wconf 87' lang='lat' dir='ltr'>Hic</span> <span class='ocrx_word' id='word_1_45' title='bbox 398 1475 503 1545; x_wconf 85' lang='lat' dir='ltr'>audax</span> <span class='ocrx_word' id='word_1_46' title='bbox 521 1476 609 1545; x_wconf 90' lang='lat' dir='ltr'>subit</span> <span class='ocrx_word' id='word_1_47' title='bbox 628 1476 710 1545; x_wconf 90' lang='lat' dir='ltr'>ordo</span> <span class='ocrx_word' id='word_1_48' title='bbox 729 1476 950 1570; x_wconf 90' lang='lat' dir='ltr'>pumilonum,</span> 
     </span>
     <span class='ocr_line' id='line_1_11' title="bbox 269 1594 886 1690; baseline 0.006 -30"><span class='ocrx_word' id='word_1_49' title='bbox 269 1596 361 1682; x_wconf 90' lang='lat' dir='ltr'>Quos</span> <span class='ocrx_word' id='word_1_50' title='bbox 381 1596 506 1663; x_wconf 90' lang='lat' dir='ltr'>Natura</span> <span class='ocrx_word' id='word_1_51' title='bbox 523 1594 614 1662; x_wconf 82' lang='lat' dir='ltr'>brevi</span> <span class='ocrx_word' id='word_1_52' title='bbox 633 1609 719 1664; x_wconf 88' lang='lat' dir='ltr'>statu</span> <span class='ocrx_word' id='word_1_53' title='bbox 740 1610 886 1690; x_wconf 88' lang='lat' dir='ltr'>peractos</span> 
     </span>
     <span class='ocr_line' id='line_1_12' title="bbox 270 1712 905 1808; baseline 0.003 -27"><span class='ocrx_word' id='word_1_54' title='bbox 270 1712 438 1782; x_wconf 89' lang='lat' dir='ltr'>Nodosum</span> <span class='ocrx_word' id='word_1_55' title='bbox 458 1712 556 1781; x_wconf 89' lang='lat' dir='ltr'>semel</span> <span class='ocrx_word' id='word_1_56' title='bbox 575 1714 608 1780; x_wconf 90' lang='lat' dir='ltr'>in</span> <span class='ocrx_word' id='word_1_57' title='bbox 629 1712 763 1807; x_wconf 82' lang='lat' dir='ltr'>globum</span> <span class='ocrx_word' id='word_1_58' title='bbox 784 1713 905 1808; x_wconf 83' lang='lat' dir='ltr'>ligavit.</span> 
     </span>
     <span class='ocr_line' id='line_1_13' title="bbox 274 1829 979 1924; baseline 0.006 -27"><span class='ocrx_word' id='word_1_59' title='bbox 274 1829 386 1897; x_wconf 86' lang='lat' dir='ltr'>Edunt</span> <span class='ocrx_word' id='word_1_60' title='bbox 403 1829 560 1915; x_wconf 81' lang='lat' dir='ltr'>vulnera,</span> <span class='ocrx_word' id='word_1_61' title='bbox 579 1847 819 1924; x_wconf 82' lang='lat' dir='ltr'>conseruntque</span> <span class='ocrx_word' id='word_1_62' title='bbox 837 1833 979 1917; x_wconf 86' lang='lat' dir='ltr'>dextras,</span> 
     </span>
     <span class='ocr_line' id='line_1_14' title="bbox 275 1947 1000 2039; baseline 0.006 -26"><span class='ocrx_word' id='word_1_63' title='bbox 275 1950 315 2013; x_wconf 89' lang='lat' dir='ltr'>Et</span> <span class='ocrx_word' id='word_1_64' title='bbox 335 1959 475 2011; x_wconf 90' lang='lat' dir='ltr'>mortem</span> <span class='ocrx_word' id='word_1_65' title='bbox 493 1947 553 2012; x_wconf 88' lang='lat' dir='ltr'>sibi</span> <span class='ocrx_word' id='word_1_66' title='bbox 572 1948 654 2039; x_wconf 85' lang='lat' dir='ltr'>(qua</span> <span class='ocrx_word' id='word_1_67' title='bbox 671 1947 805 2037; x_wconf 69' lang='lat' dir='ltr'>manull</span> <span class='ocrx_word' id='word_1_68' title='bbox 824 1952 1000 2020; x_wconf 90' lang='lat' dir='ltr'>minantur.</span> 
     </span>
     <span class='ocr_line' id='line_1_15' title="bbox 274 2062 968 2154; baseline 0.004 -23"><span class='ocrx_word' id='word_1_69' title='bbox 274 2062 374 2131; x_wconf 86' lang='lat' dir='ltr'>Ridet</span> <span class='ocrx_word' id='word_1_70' title='bbox 393 2065 482 2129; x_wconf 91' lang='lat' dir='ltr'>Mars</span> <span class='ocrx_word' id='word_1_71' title='bbox 503 2075 604 2154; x_wconf 88' lang='lat' dir='ltr'>pater,</span> <span class='ocrx_word' id='word_1_72' title='bbox 622 2078 655 2130; x_wconf 90' lang='lat' dir='ltr'>et</span> <span class='ocrx_word' id='word_1_73' title='bbox 672 2082 805 2133; x_wconf 88' lang='lat' dir='ltr'>cruenta</span> <span class='ocrx_word' id='word_1_74' title='bbox 825 2070 939 2136; x_wconf 81' lang='lat' dir='ltr'>Virtus</span> <span class='ocrx_word' id='word_1_75' title='bbox 960 2094 968 2134; x_wconf 77' lang='grc' dir='ltr'><strong><em>ε</em></strong></span> 
     </span>
     <span class='ocr_line' id='line_1_16' title="bbox 275 2182 848 2274; baseline 0.003 -27"><span class='ocrx_word' id='word_1_76' title='bbox 275 2185 468 2271; x_wconf 80' lang='lat' dir='ltr'>Casuraeqne</span> <span class='ocrx_word' id='word_1_77' title='bbox 488 2182 578 2273; x_wconf 88' lang='lat' dir='ltr'>vagis</span> <span class='ocrx_word' id='word_1_78' title='bbox 596 2204 693 2273; x_wconf 86' lang='lat' dir='ltr'>grues</span> <span class='ocrx_word' id='word_1_79' title='bbox 712 2185 848 2274; x_wconf 90' lang='lat' dir='ltr'>rapinis,</span> 
     </span>
     <span class='ocr_line' id='line_1_17' title="bbox 273 2296 802 2392; baseline -0.002 -25"><span class='ocrx_word' id='word_1_80' title='bbox 273 2301 438 2367; x_wconf 85' lang='lat' dir='ltr'>Mirantur</span> <span class='ocrx_word' id='word_1_81' title='bbox 455 2296 597 2392; x_wconf 86' lang='lat' dir='ltr'>pumilos</span> <span class='ocrx_word' id='word_1_82' title='bbox 618 2298 802 2366; x_wconf 86' lang='lat' dir='ltr'>ferociores.</span> 
     </span>
    </p>

    <p class='ocr_par' dir='ltr' id='par_1_8' title="bbox 270 2417 962 3218">
     <span class='ocr_line' id='line_1_18' title="bbox 316 2417 962 2509; baseline 0 -23"><span class='ocrx_word' id='word_1_83' title='bbox 316 2422 388 2486; x_wconf 88' lang='lat' dir='ltr'>Jam</span> <span class='ocrx_word' id='word_1_84' title='bbox 407 2418 511 2485; x_wconf 91' lang='lat' dir='ltr'>noctis</span> <span class='ocrx_word' id='word_1_85' title='bbox 532 2417 740 2509; x_wconf 86' lang='lat' dir='ltr'>propioribus</span> <span class='ocrx_word' id='word_1_86' title='bbox 759 2418 819 2484; x_wconf 90' lang='lat' dir='ltr'>sub</span> <span class='ocrx_word' id='word_1_87' title='bbox 839 2418 962 2486; x_wconf 89' lang='lat' dir='ltr'>umbris</span> 
     </span>
     <span class='ocr_line' id='line_1_19' title="bbox 271 2533 896 2630; baseline -0.005 -24"><span class='ocrx_word' id='word_1_88' title='bbox 271 2539 370 2606; x_wconf 86' lang='lat' dir='ltr'>Dives</span> <span class='ocrx_word' id='word_1_89' title='bbox 389 2536 512 2630; x_wconf 89' lang='lat' dir='ltr'>sparsio</span> <span class='ocrx_word' id='word_1_90' title='bbox 530 2558 612 2627; x_wconf 86' lang='lat' dir='ltr'>quos</span> <span class='ocrx_word' id='word_1_91' title='bbox 630 2536 696 2628; x_wconf 87' lang='lat' dir='ltr'>agit</span> <span class='ocrx_word' id='word_1_92' title='bbox 719 2533 896 2604; x_wconf 89' lang='lat' dir='ltr'>tumultus!</span> 
     </span>
     <span class='ocr_line' id='line_1_20' title="bbox 273 2651 862 2744; baseline -0.002 -22"><span class='ocrx_word' id='word_1_93' title='bbox 273 2658 346 2722; x_wconf 88' lang='lat' dir='ltr'>Huc</span> <span class='ocrx_word' id='word_1_94' title='bbox 364 2656 487 2721; x_wconf 90' lang='lat' dir='ltr'>intrant</span> <span class='ocrx_word' id='word_1_95' title='bbox 507 2651 615 2721; x_wconf 83' lang='lat' dir='ltr'>faciles</span> <span class='ocrx_word' id='word_1_96' title='bbox 633 2654 697 2720; x_wconf 92' lang='lat' dir='ltr'>emi</span> <span class='ocrx_word' id='word_1_97' title='bbox 719 2652 835 2744; x_wconf 80' lang='lat' dir='ltr'>puellae</span> <span class='ocrx_word' id='word_1_98' title='bbox 854 2678 862 2720; x_wconf 76' lang='grc' dir='ltr'><em>τ</em></span> 
     </span>
     <span class='ocr_line' id='line_1_21' title="bbox 271 2770 914 2865; baseline -0.003 -26"><span class='ocrx_word' id='word_1_99' title='bbox 271 2773 332 2840; x_wconf 86' lang='lat' dir='ltr'>llic</span> <span class='ocrx_word' id='word_1_100' title='bbox 351 2772 537 2865; x_wconf 82' lang='lat' dir='ltr'>agnoscitur</span> <span class='ocrx_word' id='word_1_101' title='bbox 556 2795 654 2838; x_wconf 92' lang='lat' dir='ltr'>omne</span> <span class='ocrx_word' id='word_1_102' title='bbox 673 2770 762 2863; x_wconf 91' lang='lat' dir='ltr'>quod</span> <span class='ocrx_word' id='word_1_103' title='bbox 779 2771 914 2838; x_wconf 84' lang='lat' dir='ltr'>theatris</span> 
     </span>
     <span class='ocr_line' id='line_1_22' title="bbox 271 2887 951 2983; baseline -0.006 -25"><span class='ocrx_word' id='word_1_104' title='bbox 271 2896 338 2958; x_wconf 78' lang='lat' dir='ltr'>Aut</span> <span class='ocrx_word' id='word_1_105' title='bbox 357 2889 461 2956; x_wconf 79' lang='lat' dir='ltr'>forma</span> <span class='ocrx_word' id='word_1_106' title='bbox 481 2887 601 2983; x_wconf 91' lang='lat' dir='ltr'>placet,</span> <span class='ocrx_word' id='word_1_107' title='bbox 621 2903 678 2957; x_wconf 93' lang='lat' dir='ltr'>aut</span> <span class='ocrx_word' id='word_1_108' title='bbox 697 2888 855 2982; x_wconf 90' lang='lat' dir='ltr'>probatur</span> <span class='ocrx_word' id='word_1_109' title='bbox 871 2901 951 2955; x_wconf 89' lang='lat' dir='ltr'>arte.</span> 
     </span>
     <span class='ocr_line' id='line_1_23' title="bbox 272 3006 959 3101; baseline -0.007 -24"><span class='ocrx_word' id='word_1_110' title='bbox 272 3013 341 3077; x_wconf 90' lang='lat' dir='ltr'>Hoc</span> <span class='ocrx_word' id='word_1_111' title='bbox 362 3006 522 3100; x_wconf 88' lang='lat' dir='ltr'>plaudunt</span> <span class='ocrx_word' id='word_1_112' title='bbox 542 3031 639 3101; x_wconf 87' lang='lat' dir='ltr'>grege</span> <span class='ocrx_word' id='word_1_113' title='bbox 655 3006 765 3098; x_wconf 71' lang='lat' dir='ltr'>Lydia</span> <span class='ocrx_word' id='word_1_114' title='bbox 783 3020 959 3089; x_wconf 89' lang='lat' dir='ltr'>tumentes,</span> 
     </span>
     <span class='ocr_line' id='line_1_24' title="bbox 270 3122 883 3218; baseline -0.007 -24"><span class='ocrx_word' id='word_1_115' title='bbox 270 3125 331 3194; x_wconf 92' lang='lat' dir='ltr'>Illo</span> <span class='ocrx_word' id='word_1_116' title='bbox 348 3122 511 3218; x_wconf 85' lang='lat' dir='ltr'>cymbala,</span> <span class='ocrx_word' id='word_1_117' title='bbox 530 3123 728 3216; x_wconf 82' lang='lat' dir='ltr'>tinnulaeque</span> <span class='ocrx_word' id='word_1_118' title='bbox 745 3123 854 3193; x_wconf 87' lang='lat' dir='ltr'>Gades</span> <span class='ocrx_word' id='word_1_119' title='bbox 876 3149 883 3190; x_wconf 90' lang='lat'><strong>:</strong></span> 
     </span>
    </p>

    <p class='ocr_par' dir='ltr' id='par_1_9' title="bbox 268 3242 907 3338">
     <span class='ocr_line' id='line_1_25' title="bbox 268 3242 907 3338; baseline -0.006 -26"><span class='ocrx_word' id='word_1_120' title='bbox 268 3242 339 3312; x_wconf 90' lang='lat' dir='ltr'>Illic</span> <span class='ocrx_word' id='word_1_121' title='bbox 358 3246 490 3338; x_wconf 88' lang='lat' dir='ltr'>agmina</span> <span class='ocrx_word' id='word_1_122' title='bbox 507 3243 714 3311; x_wconf 87' lang='lat' dir='ltr'>confremunt</span> <span class='ocrx_word' id='word_1_123' title='bbox 734 3244 907 3334; x_wconf 87' lang='lat' dir='ltr'>Syrorum,</span> 
     </span>
    </p>

    <p class='ocr_par' dir='ltr' id='par_1_10' title="bbox 268 3361 1031 3572">
     <span class='ocr_line' id='line_1_26' title="bbox 270 3361 1031 3456; baseline -0.007 -25"><span class='ocrx_word' id='word_1_124' title='bbox 270 3366 330 3431; x_wconf 90' lang='lat' dir='ltr'>Hic</span> <span class='ocrx_word' id='word_1_125' title='bbox 349 3362 440 3456; x_wconf 83' lang='lat' dir='ltr'>plebs</span> <span class='ocrx_word' id='word_1_126' title='bbox 458 3363 600 3446; x_wconf 90' lang='lat' dir='ltr'>scenica,</span> <span class='ocrx_word' id='word_1_127' title='bbox 619 3384 755 3453; x_wconf 69' lang='lat' dir='ltr'>quaeque</span> <span class='ocrx_word' id='word_1_128' title='bbox 775 3361 981 3427; x_wconf 92' lang='lat' dir='ltr'>comminutis</span> <span class='ocrx_word' id='word_1_129' title='bbox 1025 3392 1031 3404; x_wconf 91' lang='lat'><strong>·</strong></span> 
     </span>
     <span class='ocr_line' id='line_1_27' title="bbox 268 3476 845 3572; baseline -0.007 -24"><span class='ocrx_word' id='word_1_130' title='bbox 268 3483 434 3548; x_wconf 88' lang='lat' dir='ltr'>Permutat</span> <span class='ocrx_word' id='word_1_131' title='bbox 452 3481 563 3548; x_wconf 90' lang='lat' dir='ltr'>vitreis</span> <span class='ocrx_word' id='word_1_132' title='bbox 584 3477 714 3572; x_wconf 89' lang='lat' dir='ltr'>gregale</span> <span class='ocrx_word' id='word_1_133' title='bbox 733 3476 845 3545; x_wconf 86' lang='lat' dir='ltr'>sulfur.</span> 
     </span>
    </p>

    <p class='ocr_par' dir='ltr' id='par_1_11' title="bbox 269 3594 973 4046">
     <span class='ocr_line' id='line_1_28' title="bbox 270 3594 861 3690; baseline -0.005 -25"><span class='ocrx_word' id='word_1_134' title='bbox 270 3601 359 3665; x_wconf 89' lang='lat' dir='ltr'>Inter</span> <span class='ocrx_word' id='word_1_135' title='bbox 378 3623 462 3690; x_wconf 72' lang='lat' dir='ltr'>qua),</span> <span class='ocrx_word' id='word_1_136' title='bbox 482 3598 590 3666; x_wconf 92' lang='lat' dir='ltr'>subito</span> <span class='ocrx_word' id='word_1_137' title='bbox 610 3596 731 3664; x_wconf 90' lang='lat' dir='ltr'>cadunt</span> <span class='ocrx_word' id='word_1_138' title='bbox 751 3594 861 3663; x_wconf 89' lang='lat' dir='ltr'>volatu</span> 
     </span>
     <span class='ocr_line' id='line_1_29' title="bbox 271 3715 942 3808; baseline -0.003 -26"><span class='ocrx_word' id='word_1_139' title='bbox 271 3717 438 3784; x_wconf 78' lang='lat' dir='ltr'>Immensae</span> <span class='ocrx_word' id='word_1_140' title='bbox 455 3716 625 3784; x_wconf 90' lang='lat' dir='ltr'>volucrum</span> <span class='ocrx_word' id='word_1_141' title='bbox 643 3740 701 3808; x_wconf 92' lang='lat' dir='ltr'>per</span> <span class='ocrx_word' id='word_1_142' title='bbox 720 3731 807 3784; x_wconf 91' lang='lat' dir='ltr'>astra</span> <span class='ocrx_word' id='word_1_143' title='bbox 825 3715 942 3798; x_wconf 85' lang='lat' dir='ltr'>nubes,</span> 
     </span>
     <span class='ocr_line' id='line_1_30' title="bbox 270 3830 973 3926; baseline 0 -27"><span class='ocrx_word' id='word_1_144' title='bbox 270 3834 363 3921; x_wconf 87' lang='lat' dir='ltr'>Quas</span> <span class='ocrx_word' id='word_1_145' title='bbox 382 3830 477 3901; x_wconf 84' lang='lat' dir='ltr'>Nilus</span> <span class='ocrx_word' id='word_1_146' title='bbox 494 3858 592 3921; x_wconf 88' lang='lat' dir='ltr'>sacer,</span> <span class='ocrx_word' id='word_1_147' title='bbox 612 3835 829 3926; x_wconf 88' lang='lat' dir='ltr'>horridusque</span> <span class='ocrx_word' id='word_1_148' title='bbox 846 3833 973 3916; x_wconf 88' lang='lat' dir='ltr'>Phasis,</span> 
     </span>
     <span class='ocr_line' id='line_1_31' title="bbox 269 3949 973 4046; baseline -0.001 -29"><span class='ocrx_word' id='word_1_149' title='bbox 269 3949 361 4036; x_wconf 83' lang='lat' dir='ltr'>Quas</span> <span class='ocrx_word' id='word_1_150' title='bbox 380 3949 447 4017; x_wconf 90' lang='lat' dir='ltr'>udo</span> <span class='ocrx_word' id='word_1_151' title='bbox 465 3951 613 4018; x_wconf 75' lang='lat' dir='ltr'>Numidae</span> <span class='ocrx_word' id='word_1_152' title='bbox 631 3952 743 4046; x_wconf 89' lang='lat' dir='ltr'>legunt</span> <span class='ocrx_word' id='word_1_153' title='bbox 762 3952 822 4018; x_wconf 93' lang='lat' dir='ltr'>sub</span> <span class='ocrx_word' id='word_1_154' title='bbox 842 3955 973 4019; x_wconf 80' lang='lat' dir='ltr'>Austro.</span> 
     </span>
    </p>
   </div>
   <div class='ocr_carea' id='block_1_2' title="bbox 0 0 1410 5258">
    <p class='ocr_par' dir='ltr' id='par_1_12' title="bbox 0 0 1410 5258">
     <span class='ocr_line' id='line_1_32' title="bbox 0 0 1410 5258; baseline 0 3"><span class='ocrx_word' id='word_1_155' title='bbox 0 0 1410 5258; x_wconf 95' lang='lat' dir='ltr'> </span> 
     </span>
    </p>
   </div>
  </div>
 </body>
</html>
