2812 5258
79 377 193 434 renat
375 375 587 431 rnnaamos
610 377 718 432 nmaa
743 378 819 432 vm.
1060 387 1109 445 141

79 504 196 584 Arcas,
214 514 246 566 et
263 498 421 594 Argolicae
439 500 595 593 Capaneu
612 502 681 593 jam
700 503 841 569 maxime
859 514 1012 568 turma.»

129 620 213 687 Moti
230 643 343 686 omnes
361 644 368 684 :
387 618 444 686 sed
461 621 587 713 primus
606 621 690 706 abit,
707 622 899 713 primusque
917 634 1084 711 repertum

81 737 257 807 Astaciden
276 738 383 806 medio
398 740 573 830 Capaneus
591 763 609 805 e
627 738 762 832 pulvere
779 736 865 805 tollit

79 859 283 950 Spirantem,
305 854 451 949 laevaque
469 882 567 950 super
583 860 710 926 cervice
728 872 877 954 reportat

78 979 184 1070 Terga
203 991 430 1046 cruentantem
445 980 595 1046 concussi
614 975 758 1045 vulneris
780 976 877 1045 unda.

80 1095 196 1182 Qualis
215 1098 257 1165 ab
278 1097 419 1166 Arcadio
439 1096 538 1164 rediit
554 1096 746 1189 Tirynthius
763 1113 876 1179 antro,

81 1217 324 1310 Captivumque
346 1239 438 1283 suem
459 1213 678 1282 clamantibus
696 1213 808 1281 intulit
825 1215 932 1308 Argis.

129 1336 279 1429 Erigitur
295 1334 441 1428 Tydeus,
459 1333 618 1426 vultuque
636 1334 797 1419 occurrit,
816 1347 849 1400 et
866 1355 979 1399 amens

82 1456 292 1547 laetitiaque,
312 1455 441 1547 iraque,
463 1469 500 1520 ut
518 1451 731 1547 singultantia
751 1452 835 1520 vidit

83 1574 170 1656 Ora,
189 1573 339 1664 trahique
355 1572 485 1660 oculos,
508 1597 643 1665 seseque
659 1575 793 1667 agnovit
814 1574 848 1639 in
866 1570 943 1639 illo:
1017 1650 1021 1658 ¹

82 1696 227 1785 Imperat
243 1692 405 1760 abscisum
425 1696 541 1788 porgi‚
560 1692 704 1786 laevaque
721 1708 889 1786 receptum

82 1815 216 1903 Spectat
232 1827 327 1879 atrox
343 1811 462 1880 hostile
481 1826 599 1903 caput,
619 1811 791 1904 gliscitque
806 1814 946 1904 tepentis

82 1933 224 1999 Lumina
242 1946 337 1998 torva
354 1931 484 2015 videns,
499 1945 531 1998 et
549 1930 656 1998 adhuc
676 1929 861 2000 dubitantia
879 1931 945 2025 ligi.

132 2047 248 2115 Infelix
267 2063 441 2116 contentus
462 2063 530 2116 erat
545 2075 552 2114 :
570 2047 643 2142 plus
664 2050 766 2142 exigit
782 2049 880 2117 ultrix

81 2167 264 2261 Tisiphone
275 2190 287 2234 ·:
303 2169 438 2259 jamque
454 2168 573 2234 iussexo
588 2169 739 2236 Tritonia
758 2182 852 2261 patre

84 2289 244 2370 Venerat,
265 2301 297 2353 et
311 2288 430 2353 misero
451 2286 550 2355 decus
564 2285 748 2356 immortale
765 2287 904 2376 ferebat,

84 2411 189 2498 Atque
207 2403 299 2471 illum
319 2404 446 2472 effracti
462 2406 630 2498 perfusum
648 2408 725 2475 tabe
744 2409 869 2477 cerebri

84 2525 247 2616 Adspicit,
266 2538 299 2591 et
315 2525 391 2590 vivo
410 2522 622 2593 scelerantem
639 2529 800 2620 sanguine
817 2528 938 2597 lauces.

85 2645 153 2711 Nec
171 2645 304 2710 comites
324 2642 454 2711 auferre
475 2642 608 2710 valent:
628 2647 717 2712 stetit
734 2671 848 2739 aspera
864 2651 981 2740 Gorgo

87 2761 238 2831 Crinibus
256 2763 401 2845 emissis,
416 2763 562 2852 rectique
579 2777 656 2828 ante
674 2786 734 2830 ora
749 2778 885 2831 cerasta

87 2880 243 2949 Velavere
261 2885 388 2950 Deam:
412 2881 497 2974 fugit
513 2894 664 2948 aversata
680 2882 859 2971 jacentem,

86 3002 154 3070 Nec
167 3004 257 3093 prius
277 3014 366 3068 astra
382 3001 485 3084 subit,
504 3023 604 3091 quam
626 3001 761 3091 mystica
777 2998 912 3092 lampas,
927 3017 959 3068 et
977 3004 1091 3070 insons

85 3119 195 3190 Ilissos
216 3120 318 3188 multa
339 3121 492 3212 purgavit
509 3116 635 3186 lumina
652 3117 794 3211 lympha.
