2812 5258
319 431 374 496 246
680 424 970 485 nnuormouts

360 548 432 600 Hinc
444 547 523 601 obvia
536 544 574 623 (v.
592 564 627 600 aa
641 541 724 619 sqq.).
739 542 898 614 Respicitur
911 538 948 594 ad
963 540 993 593 C.
1011 536 1115 592 lulium
1123 534 1284 605 Coenrcm,
1296 535 1362 608 pri·

318 655 395 692 mrim
408 636 604 708 imperatorem
617 636 690 689 inter
697 634 785 687 Divos
794 633 912 686 relatum
925 650 932 684 z
947 628 1026 699 cujus
1042 627 1177 700 templum
1189 625 1284 680 situm
1294 636 1361 681 erat

319 747 336 783 e
356 727 472 802 regione
492 739 602 797 statuae,
620 728 655 781 ab
672 728 758 780 latere
782 725 842 795 ejus
860 722 1046 776 cernebantur
1066 729 1139 772 tecta
1159 718 1262 781 Iulia,
1287 718 1309 770 i.
1334 736 1361 772 e.

320 819 434 873 basilica
447 819 536 888 Julia,
549 818 578 871 in
590 819 666 872 Foro
685 833 803 870 romano
815 814 921 886 posita;
936 811 973 866 ab
992 812 1080 864 altero
1097 806 1231 881 porticus
1247 808 1360 873 Pauli,

320 909 356 963 ah
370 909 480 963 AEmiiio
498 909 605 982 Lepido
617 909 704 963 Pauio
718 905 840 978 propriis
858 901 988 975 impensis
1002 900 1091 969 sacta,
1105 908 1172 971 post
1184 896 1360 953 incendium

321 999 356 1052 ab
376 1002 503 1073 Augusto
517 999 651 1053 restituta.
670 995 836 1051 Concordiae
849 993 971 1065 denique
989 1001 1079 1045 statua
1095 988 1144 1043 vix
1159 987 1288 1043 dubium
1302 1000 1361 1058 est,

321 1089 390 1162 quin
403 1089 495 1162 posita
504 1090 588 1144 {uerit
596 1089 633 1144 ad
641 1089 781 1161 porticum
790 1084 967 1152 Concordiae,
976 1083 1059 1137 inilia
1067 1080 1154 1138 Urbis
1161 1088 1249 1152 parte
1261 1098 1360 1153 prope

321 1179 423 1234 clivum
431 1179 612 1252 capitolinum
631 1175 981 1233 exstructam.Accuratius
1000 1173 1035 1226 de
1048 1172 1092 1226 his
1108 1181 1136 1225 et
1151 1170 1187 1225 de
1206 1188 1281 1225 arcu
1294 1173 1359 1227 Ve-

321 1269 456 1342 spasiani,
473 1270 523 1342 qui
540 1270 639 1342 etipse
659 1288 717 1323 non
730 1269 830 1340 procul
846 1267 957 1334 aberat,
971 1273 1097 1337 quaerant
1118 1260 1226 1335 quibus
1242 1260 1357 1317 dacri-

320 1360 433 1432 ptiones
447 1360 532 1417 Urbis
548 1372 575 1416 et
592 1362 644 1414 alia
658 1360 781 1415 subsidia
795 1359 831 1413 ad
842 1376 940 1413 manus
953 1366 1026 1411 sunt.

363 1453 399 1504 In
421 1454 495 1523 leges
513 1453 564 1505 iret
584 1469 683 1524 gener,
698 1464 726 1505 et
744 1451 812 1505 Cato
831 1449 930 1503 castris
956 1443 993 1522 (v.
1015 1444 1075 1521 28).
1101 1443 1295 1500 Honorando
1316 1455 1358 1499 est

322 1541 511 1598 Wernsdorfii
524 1543 672 1615 explicatio
695 1542 732 1597 ad
745 1543 828 1597 ablat.
855 1539 955 1593 castris
975 1556 1011 1592 ex
1028 1538 1080 1592 im
1106 1534 1251 1591 elicientis
1271 1536 1356 1591 dooe-

322 1635 408 1688 deret.

364 1724 530 1796 Contemptis
542 1734 661 1797 surgant
672 1720 932 1796 pollntiastammu
946 1717 983 1797 (r.
999 1718 1056 1797 34).
1073 1721 1108 1774 Iu
1122 1720 1206 1777 bellis
1225 1720 1355 1777 civilibus

323 1825 351 1870 et
366 1814 419 1869 sub
441 1813 613 1885 Vespasiano
633 1813 817 1885 Capitolium,
837 1812 983 1867 Pallatiuns
1002 1821 1031 1865 et
1047 1812 1194 1883 permulta
1209 1811 1287 1867 aedes
1300 1830 1354 1885 pn-

322 1905 402 1962 blica
415 1905 546 1961 incendio
556 1916 692 1978 correpta
708 1915 787 1960 erant
801 1923 808 1957 :
821 1922 886 1976 pars
895 1921 991 1958 earum
1001 1902 1037 1957 ab
1051 1902 1114 1975 ipso
1126 1903 1297 1961 Domitiano
1309 1922 1354 1958 re-

323 1997 435 2066 stituta,
451 1997 604 2068 praesertim
613 1996 798 2069 Capitolium,
811 1995 863 2051 sub
872 1994 938 2048 Tito
952 2011 1049 2048 rursus
1060 2002 1203 2049 exustum.
1215 1994 1263 2051 Cf.
1275 1994 1356 2063 inin,

323 2107 371 2158 rr,
388 2106 451 2143 ron.
466 2087 553 2158 Quod
565 2087 659 2161 ipsum
672 2106 707 2141 an
722 2088 749 2142 h.
764 2089 783 2142 l.
798 2084 1011 2161 intelligendum
1021 2083 1070 2155 sit,
1081 2084 1211 2141 dubitari
1223 2084 1353 2143 ddtetob

323 2198 386 2234 roc.
401 2191 585 2253 prospectare
609 2190 637 2234 et
661 2179 829 2233 mentionem
847 2180 950 2248 Vestae,
970 2176 1050 2248 cujus
1072 2176 1214 2249 templum
1229 2177 1352 2253 pustino

324 2269 414 2324 monti
430 2271 548 2343 propius
566 2270 720 2341 adjacebat.
738 2273 868 2326 Ceterum
882 2269 917 2323 cf.
934 2268 1021 2337 infra,
1041 2285 1093 2339 ιιι,
1110 2275 1143 2338 4,
1159 2287 1188 2325 v.
1204 2275 1242 2341 47
1253 2287 1316 2344 sqq.

363 2363 554 2417 Admstaeus...
572 2365 659 2417 Arion
680 2365 720 2435 (v.
736 2359 793 2438 52).
809 2360 922 2417 Adrasti
934 2379 1039 2433 equus,
1055 2359 1090 2414 de
1111 2378 1176 2434 qno
1194 2360 1292 2427 ssah,
1307 2380 1348 2427 rr,

326 2454 380 2509 3οι
402 2470 480 2524 sqq„
505 2461 533 2504 et
550 2453 768 2525 Schellenbergii
782 2453 954 2517 Antimach„
972 2471 1001 2524 p.
1023 2449 1060 2506 65
1085 2469 1151 2525 sqq.
1172 2482 1214 2495 —
1227 2450 1344 2525 (Mam

326 2563 389 2600 cnm
402 2543 534 2612 Xantho,
546 2542 748 2598 Dioscurorum
764 2543 830 2616 equi
847 2563 854 2597 z
868 2544 972 2599 Noster
985 2544 1129 2618 Cyllarum
1146 2543 1286 2617 utrinque
1295 2558 1341 2595 ιο-
1360 2564 1365 2575 ·

325 2637 384 2691 lum
398 2634 474 2689 dicit„
489 2634 546 2689 Sed
557 2635 745 2708 mythologice
760 2635 818 2689 haec
836 2634 866 2688 in
878 2645 977 2691 nostro
990 2645 1075 2708 poeta
1086 2633 1258 2693 nimbntu
1264 2642 1345 2703 sunt,

326 2744 411 2799 quarn
419 2736 451 2780 ut
463 2725 494 2779 in
505 2724 639 2781 brevibus
651 2725 726 2781 hisce
734 2725 810 2780 notis
824 2726 932 2798 possint
945 2725 1088 2798 explicari.
1102 2728 1200 2797 Qum
1211 2721 1350 2797 einnodi

326 2834 371 2871 res
389 2816 419 2871 in
439 2827 584 2889 posterum
607 2817 774 2887 omittimus,
797 2817 851 2872 nisi
877 2818 950 2874 sorte
970 2816 1020 2872 ubi
1041 2815 1135 2888 major
1155 2814 1256 2875 incidit
1275 2813 1353 2871 diffi-

327 2907 423 2961 catltas.

368 2994 404 3071 (r.
420 2993 479 3072 64.)
492 2998 526 3053 In
541 2999 669 3055 hocloco
682 2997 833 3072 impedito,
848 2996 899 3071 qui
912 2997 970 3055 sere
983 2997 1020 3053 ad
1028 2998 1110 3054 MSS.
1124 2997 1297 3073 scriptam
1306 3015 1355 3053 ex-

326 3106 438 3163 pressus
461 3097 523 3158 est,
541 3091 623 3164 longe
642 3090 794 3162 plurimum
816 3089 918 3162 speciei
935 3089 1021 3145 habet
1038 3088 1143 3145 Handii
1165 3087 1355 3161 conjectura:

329 3179 458 3252 «Strepit
470 3179 560 3236 ardua
577 3182 661 3253 pulsu
682 3180 825 3251 Machina;
846 3181 997 3236 continuus
1015 3179 1064 3253 (sic
1083 3180 1166 3237 MSS.
1185 3176 1296 3256 omues)
1309 3197 1355 3235 se-

327 3280 406 3343 ptem
417 3288 470 3343 per
478 3272 598 3326 culmina
611 3275 681 3326 coelo
694 3274 721 3326 It
736 3271 840 3346 fragor.
848 3296 860 3321 ιι
874 3274 977 3328 Glossae
990 3271 1064 3327 enim
1077 3270 1197 3345 quando
1208 3282 1357 3345 poetam

327 3378 425 3414 versus
445 3359 618 3431 invaserant,
631 3362 668 3418 ad
682 3361 860 3438 refingendos
872 3364 1017 3438 rhythmos
1031 3381 1091 3418 non
1106 3362 1214 3419 raroin
1229 3362 1358 3419 exsitim

329 3451 464 3526 agebatur
479 3451 625 3526 indigena,
640 3454 778 3511 civitatem
800 3455 945 3511 obtinebat
965 3456 1083 3511 verbum
1098 3454 1298 3531 peregrinum.
1314 3455 1358 3511 Sic

330 3542 452 3614 optimus
466 3542 592 3615 alioquin
607 3545 697 3600 codex
709 3547 838 3619 Horatii,
852 3565 911 3621 quo
925 3546 1047 3602 editores
1063 3547 1195 3603 nondum
1210 3547 1258 3605 usi
1279 3558 1360 3617 sunt,

332 3634 391 3689 Sat.
402 3653 427 3704 1,
445 3653 492 3704 ιο,
510 3634 561 3705 38,
576 3635 691 3706 «judice
701 3656 795 3693 coram
804 3663 817 3688 a
830 3638 997 3711 praebetpro
1011 3666 1022 3688 «ι
1031 3638 1242 3714 judieeTatpa.
1254 3664 1269 3689 ι
1283 3640 1322 3697 Et
1332 3638 1359 3693 in

330 3732 427 3779 nostro
443 3726 507 3779 loeo
523 3738 699 3798 praecesserat
714 3748 739 3781 v.
757 3727 815 3802 59:
831 3727 971 3782 «culmina
984 3729 1096 3784 montis.
1112 3752 1125 3775 r

369 3817 439 3870 Loci
452 3831 540 3871 custos
561 3820 597 3890 (v.
616 3818 807 3894 tepeamus
825 3819 897 3872 inter
912 3819 999 3875 Divos
1015 3822 1130 3889 relatus,
1152 3839 1264 3877 numen
1285 3822 1361 3879 lacus

332 3906 420 3962 Curtii
428 3907 473 3962 siti
487 3907 596 3964 inForo
605 3928 694 3982 prope
708 3928 820 3984 equum.
830 3909 902 3964 Vide
909 3912 1088 3985 Vannor.,p.
1098 3908 1145 3979 25,
1154 3912 1203 3968 ed.
1211 3914 1363 3985 (bothnin,

332 4009 360 4052 et
375 3999 495 4072 interpp.
510 4001 597 4070 Festi,
611 4020 631 4056 s.
651 4021 677 4054 v.
697 4002 804 4056 Curtius
817 4003 902 4055 lacus.
