2812 5258
335 487 375 541 ns
396 489 425 541 r,
447 487 476 540 r.
499 486 623 542 srsru
644 489 737 544 suv.
758 489 827 543 mn.
841 490 875 543 v.
1061 509 1114 564 291

132 603 231 655 Lustra
232 601 361 673 parentas
372 601 488 673 Tarpeii
495 600 507 676 ζ
507 619 533 654 v.
546 599 622 677 ala).
636 602 686 656 Est
698 619 772 675 agon
779 601 958 674 capitolinus,
968 603 1119 679 aliasqua'sr-

91 693 220 766 quennia.
228 693 332 746 Totum
344 692 438 746 locum
452 691 597 766 insigniter
609 704 775 765 corruptum
783 693 822 748 ita
835 693 998 750 instaurarit
1005 697 1105 753 Markl.
1109 739 1118 768 ,

92 783 217 838 niutans
226 782 307 837 simul
320 793 348 837 et
356 801 503 838 removens
516 784 599 857 longa
609 783 802 839 dissertatione
809 784 968 858 principum
980 786 1118 858 virorum,

91 875 240 950 Scaligeri‚
255 874 414 930 casauboni
422 917 430 944 ,
446 874 584 929 Gronovii
597 893 734 944 errorem,
748 875 798 948 qui
811 875 864 930 sibi
877 895 912 932 ex
924 878 953 932 la.
967 879 984 932 l
998 896 1117 951 persua-

90 977 182 1022 serant
198 965 371 1021 Thebaidem
391 984 407 1020 a
425 964 514 1020 Statio
528 965 701 1021 commissam
714 986 772 1022 esse
787 977 847 1021 tum
861 967 890 1022 in
903 986 993 1044 agone
1006 969 1116 1041 capito-

89 1057 147 1112 lino
161 1075 193 1112 ac
206 1076 264 1111 non
278 1053 430 1129 placuisse,
445 1056 496 1111 sed
507 1056 543 1110 ab
557 1056 617 1111 aliis
630 1058 749 1112 Statium
762 1070 931 1131 superatum

132 1149 252 1223 Urgebot
264 1147 301 1225 (v.
317 1144 394 1222 234).
412 1147 549 1203 alacriter
561 1149 729 1218 sectabatur,
742 1151 868 1205 aemulata
882 1160 931 1205 est.

129 1241 194 1296 Non
206 1258 259 1294 sua
264 1236 395 1314 sanem(
414 1277 421 1291 .
436 1236 512 1314 aas).
527 1239 668 1294 Osiridem
685 1249 713 1294 et
726 1242 813 1314 Attyn
826 1240 856 1294 in
869 1240 963 1296 lsiaeis
977 1251 1005 1296 et
1021 1243 1116 1315 Cybe-

90 1332 129 1386 les
142 1330 233 1387 saeris.

137 1422 212 1476 Vatia
228 1433 257 1476 et
271 1422 431 1494 exemplum
451 1419 576 1493 genistas
590 1418 625 1493 (v.
646 1420 722 1496 263).
736 1443 749 1470 a
759 1423 825 1476 Duo
842 1432 990 1493 parentum
1009 1440 1116 1480 summa

90 1522 155 1568 vota
169 1532 176 1566 ε
196 1513 358 1586 superstites
371 1511 530 1584 relinquere
544 1510 647 1567 liberos
665 1523 693 1567 et
712 1512 748 1566 ab
761 1512 859 1567 iisdem
871 1513 917 1585 pie
937 1513 1034 1588 lugeri.
1048 1517 1115 1569 Ma·-

90 1614 132 1658 ter
144 1603 230 1678 igitur
248 1604 278 1657 in
290 1604 343 1659 bae
360 1620 467 1659 summa
482 1601 593 1657 tristitia
606 1602 699 1676 gavisa
712 1613 768 1672 est,
782 1614 919 1676 quantum
938 1615 1055 1676 possunt
1068 1606 1116 1660 lu-

88 1706 196 1768 gentes,
206 1705 261 1750 tam
275 1695 325 1768 pio
338 1693 414 1762 filio,
432 1704 459 1748 et
473 1693 508 1747 ab
522 1694 621 1748 eodem
633 1695 691 1749 haec
705 1696 824 1750 lamenta
836 1695 905 1764 sibi,
918 1714 1007 1769 quum
1021 1697 1116 1753 aelata

89 1785 167 1839 abire
185 1785 342 1856 jussissent,
360 1783 483 1841 conferri
504 1784 590 1840 vovit.
612 1786 759 1841 Gaudebat
778 1788 922 1860 exemplo,
943 1787 1023 1859 quod
1040 1790 1072 1843 in
1086 1806 1116 1844 se

89 1894 205 1948 quoque
218 1894 378 1932 recasurum
391 1874 520 1946 sperabat
534 1885 562 1929 et
575 1877 721 1947 optabat.»
737 1879 846 1947 Gaetu,
865 1895 894 1950 p.
911 1877 974 1934 383.

128 1966 160 2019 Si
175 1964 344 2020 thessalicas
359 1966 499 2020 Admeton
514 1966 543 2018 in
560 1983 623 2018 oms
637 1963 674 2040 (v.
691 1983 745 2035 ²7²
760 1964 822 2040 sq.).
840 1967 992 2024 Siclorum
1012 1985 1113 2022 conu-
1231 1988 1239 2005 ·

89 2057 245 2129 ptissimum
258 2056 404 2112 restituere
419 2065 536 2111 conatus
553 2065 595 2111 est
607 2055 723 2126 Markl,
737 2057 817 2128 eujus
835 2059 947 2133 longam
961 2059 1115 2131 expositio-

89 2167 154 2202 nem
175 2148 271 2204 videas
292 2148 360 2221 ipse.
379 2148 470 2204 Nisaia
492 2159 585 2204 tamen
607 2148 716 2222 argutia
735 2148 872 2219 judicavit
893 2150 1115 2207 emendationem

89 2237 280 2307 Heinsianam,
294 2257 357 2312 quae
372 2241 436 2312 plus
450 2238 533 2294 etiam
550 2257 584 2294 ex
604 2239 726 2312 antiquae
739 2240 883 2314 scripture
902 2240 1029 2313 apicibus
1045 2240 1114 2297 reti-

90 2339 138 2385 net
152 2339 179 2385 et
193 2329 253 2384 aliis
266 2348 381 2402 quoque
395 2329 431 2384 de
444 2329 533 2385 causis
545 2330 640 2385 verior
653 2348 711 2386 esse
723 2330 857 2386 videmr:

192 2506 199 2518 .
213 2505 220 2518 .
232 2506 239 2518 .
252 2504 258 2517 .
273 2467 297 2516 si
310 2466 442 2517 thessalicas
453 2465 561 2517 Alcestin
570 2467 601 2518 ad
611 2484 674 2530 oras,

191 2550 217 2599 Si
228 2548 271 2598 lus
281 2566 330 2598 aas
340 2559 403 2599 retro
411 2549 552 2616 Phylaoeida
565 2550 656 2601 rettulit
664 2549 786 2611 umbram,

87 2681 285 2752 Protesilaum,
300 2680 351 2755 qui
369 2680 398 2736 in
412 2699 496 2736 unam
509 2681 584 2737 diem
596 2681 634 2738 ad
652 2681 832 2738 laodamiam
845 2678 974 2734 remissus
993 2688 1042 2735 est.
1062 2681 1113 2735 Ja-
1149 2744 1154 2753 ι

88 2773 198 2830 eobsius
211 2772 248 2828 ad
259 2771 374 2827 Analot
391 2792 497 2847 green,
512 2774 569 2828 vol.
583 2791 645 2842 ιιι,
661 2790 691 2844 p.
711 2772 781 2841 234,
800 2769 971 2843 proposuit:

192 2932 275 2948 .....
290 2897 316 2947 si
327 2896 471 2947 Thessalidis
481 2898 514 2960 (l)
527 2897 643 2946 Admetus
654 2895 679 2946 in
692 2895 753 2944 ulnis

190 2979 216 3029 si
228 2980 306 3045 Stygia
316 2978 380 3029 amda
392 2989 457 3030 retro
467 2979 511 3029 rh.

127 3097 218 3151 Can.
231 3097 281 3152 tv.
295 3097 410 3152 OEtoeae
424 3096 601 3170 Paphieque
617 3096 777 3168 lampades
790 3092 828 3171 (v.
845 3094 883 3170 8).
898 3094 983 3150 Stella
995 3092 1112 3150 Veneris

86 3187 235 3257 matutina,
257 3198 285 3242 et
303 3189 371 3257 Sol,
389 3187 440 3262 qui
462 3188 498 3243 ab
518 3188 597 3243 OEtae
611 3186 714 3241 montis
733 3187 848 3262 regione
868 3183 971 3242 exoriri
990 3182 1109 3241 ridetur.

88 3278 201 3346 Senec.,
220 3280 300 3334 llere.
310 3276 387 3349 sun,
407 3280 460 3335 132
480 3298 487 3334 :

260 3405 313 3450 Jam
324 3403 427 3453 ceruleis
437 3413 531 3454 evectus
543 3403 609 3468 equis

258 3482 330 3532 Titan
340 3499 430 3534 samma
439 3485 553 3552 prospicit
567 3489 636 3535 OEta.

18 3654 25 3665 .
85 3611 131 3667 Sic
149 3613 274 3665 Gronov.
286 3608 343 3667 Sed
357 3609 477 3666 Orellins
495 3613 525 3667 in
545 3613 660 3687 Eclogis
673 3623 752 3686 poet.
774 3613 839 3678 lat,
857 3612 901 3668 ed.
923 3629 962 3681 ιι,
984 3628 1012 3683 p.
1035 3608 1107 3679 228,

86 3701 300 3770 animadvertit,
313 3719 402 3774 quum
415 3712 554 3759 nocturna
567 3705 646 3779 quies
660 3704 847 3773 desideretur,
859 3702 946 3776 magis
963 3710 1109 3757 consenta-

85 3812 169 3848 neum
187 3811 244 3848 esse
261 3791 379 3864 Hesperi
396 3802 489 3847 ortum
510 3794 546 3848 ab
561 3796 633 3853 OEta
654 3796 807 3870 intelligere
821 3793 951 3873 (Catuli,
971 3812 1080 3863 u11,7
1102 3811 1109 3846 ε

223 3916 341 3967 Niminun
352 3920 445 3966 OEtaeoe
455 3916 559 3967 ostendit
567 3922 683 3988 lleapesau
693 3921 771 3984 ignea)

85 4045 113 4091 et
125 4036 299 4105 Luciferum,
312 4046 344 4090 ut
358 4034 474 4091 Veneris
492 4035 605 4094 stellam
