2812 5258
358 430 410 506 196
664 428 874 481 nucerinos
897 425 1005 480 nisan
1024 424 1060 478 11.
1246 427 1249 433 ·
1285 424 1321 486 (v.
1334 425 1386 485 ss.)

354 558 393 621 In
412 550 557 619 medium
576 574 714 618 sonuere
731 548 834 633 diem,
851 546 973 638 letique
992 544 1148 613 triformis

353 672 481 738 Janitor
498 666 656 762 agricolas
674 669 796 758 campis
814 663 943 732 auditus
963 663 1082 755 abegit.

399 791 469 856 Hac
486 803 518 854 et
536 801 613 854 tunc
630 785 719 853 fusca
738 783 869 851 volucer
886 786 977 850 Deus
994 782 1118 850 obsitus
1134 782 1251 849 umbra

354 905 468 975 Exsiiit
485 904 526 973 ad
545 908 703 998 Superos,
723 901 914 992 infernaque
934 900 1047 967 nubila
1065 898 1158 967 vultu

354 1025 512 1108 Discutit,
531 1038 565 1090 et
580 1024 660 1090 vivis
679 1020 840 1088 afflatibus
858 1043 915 1117 ora
934 1033 1070 1086 serenat.

352 1141 434 1208 Inde
450 1166 509 1234 per
527 1145 720 1224 Arcturum,
738 1137 917 1229 mediaeque
934 1134 1061 1203 silentia
1076 1138 1181 1204 Luna²
1226 1124 1239 1141 ⁸

353 1264 439 1327 Arva
458 1283 569 1351 super,
589 1257 792 1351 populosque
808 1269 903 1322 meat
925 1257 1032 1347 Sopor
1048 1254 1164 1321 obvius
1182 1251 1230 1322 illi

353 1378 465 1445 Noctis
482 1377 600 1470 agebat
618 1399 734 1466 equos,
753 1372 965 1466 trepidusque
983 1373 1123 1464 assurgit
1139 1371 1257 1440 honori

352 1497 524 1581 Numinis,
541 1509 575 1562 et
590 1509 679 1561 recto
697 1492 825 1560 decedit
842 1490 943 1559 limite
960 1489 1041 1558 coeti.

351 1614 492 1680 inferior
509 1610 596 1679 volat
612 1611 728 1679 umbra
743 1614 830 1696 Deo,
848 1624 1072 1702 praereptaque
1089 1609 1195 1678 noscit

353 1731 484 1815 Sidera,
504 1731 767 1822 principiumque
785 1730 854 1814 sui;
872 1730 1006 1821 jamque
1020 1729 1121 1797 ardua
1139 1728 1294 1821 Cyrrhae,

352 1847 580 1941 Pollutamque
600 1873 659 1916 suo
679 1847 845 1939 despectat
863 1847 1005 1915 Phocida
1024 1847 1130 1915 busto.

399 1971 543 2036 Ventum
560 1982 631 2034 erat
647 1966 687 2034 ad
704 1966 854 2034 Thebas:
874 1968 997 2060 gemuit
1015 1990 1118 2059 prope
1133 1964 1248 2035 limina
1265 1967 1334 2036 nati

352 2089 467 2174 Laius,
486 2101 519 2153 et
535 2100 629 2153 notos
649 2099 822 2153 cunctatur
838 2085 921 2151 inire
940 2098 1084 2176 penates.

351 2207 398 2274 Ut
415 2228 491 2271 vero
508 2202 639 2271 excelsis
659 2217 786 2269 suamet
800 2203 881 2296 juga
897 2204 973 2271 nixa
990 2203 1151 2271 columnis

352 2323 458 2407 Vidit,
475 2337 509 2389 et
525 2320 660 2388 infectos
681 2322 859 2388 etiamnum
880 2322 1038 2415 sanguine
1052 2345 1185 2410 currus,

352 2443 446 2507 Paene
464 2454 551 2506 retro
571 2438 719 2505 turbatus
742 2439 829 2522 abit;
850 2439 905 2507 sed
922 2464 1049 2508 summa
1064 2441 1224 2510 Tonantis

351 2560 464 2640 Jussa,
484 2555 538 2623 sed
556 2555 702 2625 Arcadia
718 2558 861 2624 retinent
879 2560 1054 2649 spiramina
1075 2559 1184 2655 virgae.

349 2679 391 2743 Et
412 2688 490 2742 tunc
509 2673 592 2741 sorte
608 2674 676 2742 dies
694 2688 772 2742 noto
788 2674 910 2768 signata
930 2679 1086 2747 Tonantis
1101 2696 1105 2703 '

350 2791 516 2878 Fulmine,
534 2796 688 2886 praerupti
705 2816 807 2885 quum
828 2809 875 2879 te,
891 2809 984 2863 tener
997 2798 1093 2884 Evie,
1113 2812 1229 2891 partus

348 2912 569 2979 Transmisere
589 2915 674 3004 patri
687 2940 694 2979 :
708 2912 814 3003 Tyriis
834 2937 871 2980 ea
888 2937 983 2981 causa
999 2912 1123 2982 colonis

348 3033 535 3097 Insomnem
553 3028 631 3098 ludo
648 3031 797 3097 certatim
818 3029 955 3100 educere
972 3046 1101 3100 noctem

349 3151 519 3231 Suaserat3
536 3147 630 3215 effusi
648 3149 767 3239 passim
785 3173 844 3243 per
859 3164 961 3235 tecta,
980 3174 1038 3240 per
1055 3174 1167 3244 agros,

349 3268 441 3332 Serta
459 3266 554 3349 inter,
572 3289 757 3359 vacuosque
776 3290 867 3334 mero
884 3280 1023 3334 crateras
1039 3266 1196 3337 anhelum

347 3380 534 3448 Prossahant
549 3382 609 3448 sub
624 3380 697 3449 luce
713 3386 821 3449 Deum
836 3416 843 3449 :
858 3397 927 3448 tum
946 3383 1087 3475 plurima
1099 3386 1224 3476 buxus,

250 3570 252 3575 ,
347 3502 487 3592 AEraque
504 3500 650 3566 taurinos
668 3501 776 3566 sonitu
795 3500 956 3568 vincentia
974 3501 1097 3594 pulsus.

346 3622 421 3712 Ipse
438 3618 535 3685 etiam
555 3615 698 3709 gaudens
715 3640 885 3685 nemorosa
903 3643 962 3710 per
979 3623 1051 3689 avia
1064 3647 1157 3691 sanas

346 3735 526 3830 Impulerat
543 3749 662 3802 matres
680 3735 807 3802 Baccho
824 3734 958 3804 meliore
976 3740 1151 3809 Citheron.

393 3855 512 3944 Qualia
529 3879 588 3948 per
604 3852 788 3945 Rhodopen
806 3855 920 3946 rapido
935 3860 1083 3926 convivia
1099 3874 1187 3929 coetu

346 3978 508 4061 Bistones,
526 3986 583 4040 aut
600 3971 714 4039 mediae
732 3985 857 4063 ponunt
874 3973 1075 4043 convallibus
1094 3980 1196 4047 Ossae.
