2812 5258
266 454 299 491 n
614 438 643 490 r.
665 435 784 490 rnsnn
805 414 928 488 smnr'
1187 442 1287 495 nn..)

262 563 366 651 Inque
385 560 490 628 vicem
504 558 643 650 tepuisse
659 559 740 624 viro.
755 585 771 618 n
786 557 839 624 Sic
858 556 936 641 fata,
958 552 1077 621 levavit

263 677 413 745 Sidereos
429 692 532 762 artus,
546 674 745 766 thalamique
760 697 886 767 egressa
904 671 1082 765 superbum

261 797 396 881 Limen,
414 791 588 886 Amyrlaeos
606 792 648 861 ad
666 791 758 860 frena
772 793 885 860 citavit
900 790 1016 858 olores.

261 915 375 1006 iungit
391 916 502 988 Amor,
519 910 690 1003 laetamque
710 909 830 977 vehens
848 933 907 1001 per
925 906 1038 975 nubila
1055 920 1195 974 matrem

261 1030 435 1097 Gemmato
455 1044 580 1097 temone
595 1028 694 1097 sedet.
715 1024 788 1097 Iam
803 1024 945 1095 Tibridis
960 1049 1050 1093 arces

159 1151 161 1155 ”
262 1143 393 1214 Iliacae:
414 1149 526 1240 pandit
546 1146 666 1216 nitidos
681 1149 793 1215 Venus
809 1145 896 1214 alma
915 1149 1074 1229 Penates,

262 1262 424 1357 Claraque
443 1265 616 1360 gaudentes
633 1263 823 1358 plauserunt
838 1263 952 1331 limina
967 1264 1069 1354 cycni.

308 1384 418 1477 Digna
434 1384 500 1453 deae
514 1383 624 1470 sedes,
640 1383 751 1451 nitidis
767 1408 827 1450 nec
845 1381 954 1449 sordet
973 1380 1013 1447 ab
1031 1382 1135 1447 astris.

262 1501 323 1568 Hic
337 1501 477 1594 Libycus
490 1504 713 1597 Phrygiusque
728 1500 821 1588 silex,
837 1501 890 1568 hic
910 1499 992 1566 dura
1011 1501 1180 1565 Laconum

261 1621 344 1686 &aa
360 1621 468 1688 virent
484 1647 491 1688 :
508 1621 562 1688 hix
579 1620 680 1688 flexus
696 1644 801 1712 onyx,
817 1633 849 1686 et
866 1615 1019 1687 concolor
1035 1614 1102 1683 alto

260 1739 353 1805 Vena
371 1740 453 1805 mari
471 1762 630 1831 rupesque
647 1739 765 1823 nitent,
781 1736 853 1829 quls
869 1759 1016 1829 purpura
1034 1759 1118 1827 saepe

261 1853 395 1922 OEbalis
415 1870 447 1924 et
464 1857 551 1949 Tyrii
570 1855 756 1924 moderator
773 1852 851 1921 livet
870 1854 976 1921 aheni.

259 1972 408 2041 Pendent
423 1975 602 2042 innumeris
619 1975 744 2067 fastigia
764 1973 840 2039 nixa
857 1971 1032 2055 columnis;

260 2091 390 2160 Robora
408 2091 592 2161 Dalmatico
610 2092 720 2161 lucent
739 2092 852 2159 satiata
869 2090 1010 2159 metallo.

260 2208 447 2279 Excludunt
463 2211 569 2280 radios
587 2210 675 2279 silvis
694 2212 825 2279 decussa
842 2211 977 2278 vetustis

259 2327 410 2421 Frigora3
427 2331 589 2422 perspicui
608 2332 724 2396 vivunt
741 2330 775 2395 in
792 2352 953 2396 marmore
972 2327 1086 2395 fontes.

260 2445 331 2511 Nec
347 2458 454 2511 servat
472 2448 600 2513 Natura
619 2447 727 2512 vices:
745 2444 799 2512 hic
815 2447 916 2514 Sirius
932 2445 1034 2538 alget,

260 2564 381 2629 Bruma
398 2574 501 2654 tepet,
521 2586 715 2655 versumque
731 2562 846 2632 domus
861 2565 922 2632 sibi
938 2576 1097 2656 temperat
1108 2585 1246 2631 annum.

259 2677 409 2748 Exsultat
427 2680 518 2767 visu,
538 2681 694 2772 tectisque
710 2684 850 2773 potentis
869 2682 1009 2750 alumnae

197 2884 199 2889 .
259 2796 338 2865 Non
353 2821 444 2865 secus
458 2795 543 2865 alma
559 2800 687 2883 Venus,
703 2801 840 2891 quamsi
853 2801 989 2893 Paphon
1002 2823 1131 2893 aequore
1144 2798 1186 2866 ab
1200 2797 1285 2882 alto,

260 2912 418 2982 Idaliasve
437 2914 551 2983 domos
568 2917 749 3007 Erycinave
766 2916 886 3010 templa
904 2918 1036 2985 subiret.

305 3034 398 3099 Tunc
415 3033 518 3125 ipsam
534 3032 603 3101 solo
620 3032 773 3137 reclinem
793 3035 891 3102 affata
905 3034 1004 3103 cubili
1022 3061 1030 3101 :

260 3151 444 3236 «Quonam
460 3150 513 3218 hic
528 3174 631 3244 usque
647 3176 746 3243 sopor
762 3154 919 3244 vacuique
936 3152 1094 3222 modestia
1110 3152 1203 3240 lccti,

260 3270 292 3335 Ο
310 3268 390 3334 mihi
406 3272 586 3337 Laurentes
605 3271 691 3337 inter
708 3267 826 3337 dilecta
844 3270 992 3363 puellas?

259 3387 343 3473 Quis
359 3411 508 3472 morum,
526 3387 666 3480 fideique
683 3387 824 3455 modus?
839 3392 1062 3484 Nunquamne
1079 3390 1163 3460 virili

259 3504 456 3572 Submittere
468 3504 575 3598 jugo?
591 3507 709 3572 Veniet
722 3506 790 3597 jam
807 3509 930 3577 tristior
946 3525 1032 3580 aetas.

258 3624 381 3688 Exerce
397 3622 549 3706 formam,
567 3635 600 3689 et
617 3622 816 3715 fugientibus
832 3641 924 3697 utere
940 3629 1044 3698 donis.

259 3739 336 3806 Non
354 3738 427 3806 ideo
443 3740 500 3807 tibi
521 3737 583 3807 tale
597 3739 714 3826 decus,
730 3742 902 3838 vultusque
916 3749 1091 3841 superbos,

259 3858 378 3949 Meque
397 3857 488 3941 dedi,
508 3857 623 3926 viduos
640 3872 676 3926 ut
695 3863 913 3932 transmittare
929 3891 988 3960 per
1003 3890 1106 3933 annos

259 3977 328 4046 Ceu
345 4001 411 4045 non
430 4000 505 4046 cara
522 3978 612 4045 mihi.
630 3978 729 4062 Satis,
746 4005 781 4066 o,
798 3983 1016 4079 nimiumque,
1033 3985 1157 4077 priores
