2812 5258
307 455 360 512 160
397 508 399 513 ,
660 458 689 510 Ρ.
711 456 832 511 Puuul
852 455 974 510 STATII
1228 454 1267 516 (e.
1278 456 1345 522 239)

303 583 418 649 Exitus
436 581 569 649 instanti
588 582 743 676 praemisit
759 580 907 648 membra
922 575 1092 672 sepulcr0;

303 700 366 769 Sed
383 715 414 768 te
434 715 549 793 torpor
567 701 667 788 iners,
683 713 714 767 et
730 723 819 767 mors
836 700 959 766 imitata
974 697 1119 790 quietem

302 817 484 912 Explicuit,
504 818 650 912 falsoque
669 818 745 887 tulit
761 819 821 886 sub
838 821 976 886 Tartara
994 840 1119 884 somno.

351 941 446 1026 Quos
465 965 526 1033 ego
540 955 618 1009 tuuc
636 937 800 1033 gemitus?
818 939 974 1006 comitum
993 936 1224 1063 manus-qqxia
1238 937 1342 1028 vidit,

303 1058 396 1126 Vidit
412 1076 444 1128 et
460 1060 645 1154 exemplum
664 1061 826 1154 genitrix,
844 1059 1021 1152 gavisaque
1037 1058 1153 1143 vovit·¹
1188 1078 1228 1159 ·,

305 1177 389 1264 Quae
408 1178 549 1247 lamenta
563 1178 622 1247 tuli
639 1206 646 1247 :
665 1181 793 1248 veniam
811 1177 992 1264 concedite,
1011 1179 1147 1255 Manes.
1168 1154 1231 1241 ''²‘'3s'

304 1299 364 1365 Fas
381 1297 519 1385 dixisse,
540 1314 651 1392 pater;
672 1323 739 1366 non
759 1313 793 1365 tu
812 1298 891 1365 mihi
907 1295 1001 1391 plura
1019 1296 1171 1365 dedisses.

351 1415 441 1486 Felix
458 1416 512 1487 ille
532 1434 657 1513 patrem
674 1420 785 1487 vacuis
801 1416 1019 1487 circumdedit
1034 1416 1139 1504 ulnis,

302 1534 427 1622 Vellet,
443 1554 476 1605 et
490 1537 599 1632 Elysia
615 1540 765 1631 quamvis
782 1540 816 1605 in
832 1536 908 1605 sede
922 1535 1084 1624 locatum,

302 1655 478 1750 Abripere,
492 1671 525 1725 et
541 1661 672 1725 Danaas
688 1659 807 1725 iterum
823 1672 955 1751 portare
972 1658 1032 1750 per
1045 1656 1200 1725 umbras:

301 1778 498 1844 Tentantem
512 1790 544 1843 et
558 1778 650 1844 viros
665 1774 816 1844 molitum
831 1779 865 1843 in
879 1779 1015 1845 Tartara
1028 1799 1157 1870 gressus

302 1894 432 1964 Detulit
448 1895 581 1964 infernas
596 1910 687 1963 vates
701 1893 847 1988 longaeva
865 1896 988 1963 Dienae.

301 2016 336 2083 Si
356 2014 472 2108 chelyn
488 2014 660 2107 Odrysiam
673 2017 768 2108 pigro
785 2015 963 2082 transmisit
978 2018 1111 2084 Averno

300 2136 408 2203 Causa
426 2136 548 2221 minor;
566 2137 592 2204 si
609 2134 811 2204 Thessalicas
830 2134 993 2205 Admeton
1012 2135 1046 2202 in
1064 2159 1152 2224 ores,

300 2256 335 2322 Si
354 2257 475 2347 conjux
493 2271 581 2323 retro
599 2254 794 2350 Phylaceida
812 2255 939 2323 rettulit
959 2256 1127 2342 umbram,

300 2377 369 2444 Cur
384 2374 467 2442 nihil
485 2389 613 2461 exoret,
630 2377 774 2468 genitor,
795 2373 904 2467 chelys
920 2389 978 2444 aut
994 2391 1052 2444 tua
1070 2379 1203 2465 Manes,

298 2499 368 2562 Aut
382 2493 472 2563 mea?
492 2495 538 2562 fas
558 2495 639 2561 mihi
657 2497 699 2561 sit
718 2494 842 2587 patrios
861 2495 1052 2589 contingere
1072 2494 1202 2584 vultus,

298 2617 358 2682 Fas
372 2615 520 2707 junxisse
538 2639 668 2701 manus,
688 2628 721 2682 et
736 2613 788 2682 lex
804 2639 1008 2708 quacunque
1022 2631 1188 2709 sequatur.

344 2739 389 2805 At
409 2761 482 2823 vos,
498 2736 688 2804 umbrarum
703 2760 812 2830 reges,
832 2740 1020 2830 Ennaeaque
1036 2742 1138 2822 Juno,

300 2857 332 2923 Si
355 2854 518 2925 laudanda
536 2881 670 2951 precor,
692 2857 790 2925 taedas
807 2857 930 2926 auferte
951 2853 1125 2950 cnmasque

296 2976 537 3060 Eumenidurn;
554 2976 646 3044 nullo
664 2992 758 3045 sonet
771 3002 866 3071 asper
880 2978 1005 3069 janitor
1023 3001 1099 3060 oie,

296 3096 560 3188 Centaurosque,
577 3096 761 3189 Hydraeque
776 3121 905 3191 greges,
920 3094 1118 3189 Scyllaeque
1133 3112 1285 3167 monstra

296 3218 428 3282 Aversae
443 3214 549 3284 celent
568 3216 682 3304 valles3
702 3217 918 3309 umbramque
931 3215 1068 3285 senilem

295 3334 416 3402 Invitet
429 3336 529 3426 ripis,
548 3333 692 3404 discussa
707 3335 816 3429 plebe,
831 3337 991 3430 supremis

294 3454 430 3536 Vector,
448 3452 531 3521 etin
549 3453 655 3522 media
674 3469 851 3547 componat
870 3453 1013 3524 molliter
1028 3454 1110 3550 alga.

342 3577 407 3659 Ite,
427 3574 473 3666 pii
490 3575 626 3659 Manes,
646 3574 851 3667 Graiumque
867 3577 1016 3643 examina
1032 3591 1160 3661 vatum,

296 3692 526 3786 illustremque
542 3692 683 3759 animam
699 3693 841 3762 Lethaeis
856 3697 998 3790 spargite
1017 3696 1127 3780 sertis,

301 3817 338 3882 Et
352 3828 532 3882 monstrate
550 3836 686 3900 nemus,
705 3838 772 3906 quo
792 3813 884 3883 nulla
902 3813 1023 3908 irrupit
1038 3816 1198 3907 Erinnys,

295 3937 335 4000 ln
347 3959 413 4027 quo
430 3934 510 4002 falsa
525 3933 609 4018 dies,
626 3932 774 4026 coeloque
793 3927 979 4003 simillimirs
996 3959 1061 4002 aer.

297 4053 379 4123 Inde
395 4070 506 4123 tamen
519 4055 631 4123 venias
648 4051 782 4141 melior,
800 4079 866 4146 qua
885 4069 981 4147 porta
999 4053 1183 4148 malignum
1252 4102 1256 4109 -
