2812 5258
365 419 404 475 ru
426 421 455 474 r.
475 421 505 474 r.
527 416 938 473 unumunurn.
1115 413 1176 475 313.
1202 478 1206 483 ,

177 529 357 607 Insr'gaerque
376 533 486 588 humeri
501 529 539 609 (r.
563 529 794 608 571).c0pu1am
808 531 943 586 omittunt
962 549 974 585 1
991 531 1088 587 Behot.
1108 544 1136 589 et
1155 542 1172 602 4

140 624 224 679 codd.
239 643 284 699 ap.
299 624 417 681 Dorvill.
433 625 470 680 ad
486 623 593 682 Choria.
612 641 641 697 p.
660 620 711 678 161
728 619 819 699 (297),
834 623 914 696 quod
928 623 973 678 hic
985 624 1100 696 probat.

178 731 342 805 deplorant
360 741 516 804 acuuntque
543 728 579 803 (v.
604 725 683 803 588).
711 726 803 783 Codd.
829 727 952 800 aliquot,
975 727 1004 783 in
1030 729 1171 803 quibura

140 825 247 900 Regg„
260 823 334 879 bene
348 841 355 876 :
369 823 568 889 cardinalari&
587 837 604 875 a
624 819 736 875 Behott.
754 839 762 873 ε
776 819 960 875 ιἰιετὺηιιὶαπε.

178 928 457 1002 Brevemquesugam
470 944 522 981 nec
535 927 621 1000 ορίηο
627 926 691 998 fine
704 937 841 997 reponunt
854 923 892 1000 (v.
908 922 986 1001 592).
1001 926 1024 981 1.
1040 944 1063 980 e.
1086 927 1173 981 ornit-

84 1041 89 1049 ·
136 1030 202 1075 tunt
210 1063 219 1091 ‚
232 1021 268 1095 gl.
284 1018 366 1073 «Nec
377 1020 463 1093 opino
470 1017 543 1090 fine.
558 1016 631 1084 Quia
646 1016 752 1071 incerta
766 1026 902 1084 metricat,
912 1016 969 1071 imo
983 1018 1059 1073 nulla
1067 1059 1076 1087 ‚
1085 1036 1173 1090 quum

137 1113 238 1168 erebro
247 1112 320 1169 saltu
334 1110 502 1168 excurritur.
518 1111 645 1165 Incertus
659 1107 733 1164 eninr
752 1107 854 1162 modus
865 1109 999 1165 currendi
1013 1119 1070 1180 est,
1085 1129 1174 1184 quum

138 1203 335 1279 unusquisque
355 1202 441 1258 saltus
462 1198 558 1254 hahita
575 1197 622 1274 [an
640 1219 659 1253 a
672 1200 773 1254 linea?
792 1201 877 1254 Deest
896 1201 969 1255 enirn
986 1205 1132 1257 uoluntate
1144 1201 1174 1257 in

138 1298 201 1351 Par.
222 1291 300 1369 cod]
313 1290 487 1365 proludunt,
502 1289 531 1345 id
546 1301 586 1345 ert
603 1291 756 1346 currebant
772 1291 828 1345 cito
842 1292 1006 1362 redeuntes,
1026 1293 1106 1367 quod
1123 1311 1172 1348 eo-

138 1387 197 1441 lent
217 1403 301 1441 cursu
328 1402 357 1439 se
384 1393 571 1457 purpurantes
597 1381 725 1452 efficere,
743 1393 776 1438 ut
800 1384 860 1457 ipse
883 1384 918 1439 de
946 1385 1026 1458 equis
1046 1385 1175 1459 superius

136 1476 174 1553 [v.
190 1474 258 1553 too]
276 1475 335 1533 ait:
352 1477 474 1532 Pereunt
485 1476 606 1550 vestigia
624 1477 700 1530 mille
712 1479 787 1531 Ante
794 1476 934 1550 sugam.»
954 1478 1040 1531 Lacr.
1055 1509 1094 1519 -
1108 1479 1173 1552 Seq.

137 1587 164 1623 v.
179 1569 261 1624 multi
276 1567 360 1626 codd.
376 1588 382 1623 :
401 1568 438 1623 Ut
448 1569 511 1623 ruit.

180 1662 316 1736 Dictoque
330 1671 446 1716 manent
461 1660 499 1736 (r.
518 1656 596 1736 631).
611 1655 647 1731 V.
663 1660 797 1716 Gronov.
810 1661 856 1714 Al.
867 1659 974 1731 fauent
987 1663 1032 1717 vel
1041 1675 1154 1737 patent.

180 1766 292 1822 Gaudet
304 1776 434 1821 contenta
448 1763 476 1838 (v
506 1760 767 1839 statuemur
788 1762 869 1838 quod
889 1766 1016 1837 praebent
1036 1768 1090 1823 ΜΒ
1111 1776 1139 1822 et
1157 1783 1173 1821 a

139 1857 186 1912 alii
204 1856 288 1914 codd.
302 1857 397 1913 Barth.
414 1875 421 1909 ε
437 1855 541 1912 «uadit
555 1864 655 1911 cont.»
675 1855 805 1918 Alterum
822 1873 857 1912 ex
874 1854 990 1931 interpr.
1009 1867 1112 1914 ortum.

178 1947 224 2003 Ab
243 1950 302 2004 alto
319 1945 359 2026 (r.
374 1944 452 2023 683).
467 1947 521 2001 ΜΒ
538 1946 597 2002 :ab
610 1947 705 2014 mma,
719 1946 861 2022 probante
875 1948 999 2003 Barthio.

180 2049 333 2127 Maiorque
352 2070 451 2108 manus
469 2063 601 2127 speratur
615 2053 644 2108 iu
662 2070 745 2127 oequo
764 2048 802 2128 (v.
823 2050 901 2129 690).
928 2052 986 2107 «ld
1011 2062 1052 2106 est
1069 2052 1176 2124 majore

139 2144 244 2200 virtute
254 2162 326 2219 opue
340 2161 398 2200 esee
411 2144 441 2200 in
448 2142 656 2220 longitudinem
666 2161 752 2218 quam
760 2141 790 2198 in
799 2143 978 2200 altitudinem
985 2143 1154 2215 jaculaturo.
1164 2169 1176 2194 a

138 2237 224 2291 Lacr.
238 2268 278 2278 -
290 2237 374 2305 Post,
388 2254 415 2290 v.
436 2236 509 2312 699,
523 2237 577 2292 ΜΒ
593 2255 600 2290 :
616 2234 790 2310 «rogando...

184 2339 295 2395 Virades
308 2339 437 2395 humeros
457 2339 494 2417 (r.
515 2341 592 2417 7¹t)·
607 2343 728 2398 «Latera
745 2338 919 2396 montium.»
938 2342 1036 2397 Gnoss.
1057 2342 1096 2397 Ut
1116 2341 1177 2397 Pli-

137 2432 215 2501 nius,
238 2433 273 2486 11.
294 2432 329 2486 N.
336 2473 345 2499 ,
367 2451 410 2502 ιι,
425 2439 476 2503 44,
494 2451 539 2508 ap.
559 2434 655 2490 Barth.
669 2454 676 2489 ε
692 2458 703 2484 a
718 2432 890 2490 Montium...
910 2434 1054 2490 confracta
1071 2433 1102 2488 in
1119 2434 1176 2490 hu-

139 2542 232 2580 meros
243 2523 321 2600 juga.
338 2548 349 2573 ι

179 2629 224 2684 Sic
237 2641 263 2686 et
278 2629 420 2684 Alcide...
429 2627 551 2702 J'ttngere
564 2630 637 2685 caelo
653 2625 691 2704 (r.
703 2630 857 2704 7¹9-7²¹)·
871 2632 937 2687 Non
951 2650 1010 2686 ease
1024 2631 1110 2703 hujus
1123 2632 1179 2688 loci

141 2730 260 2794 apparet
278 2720 341 2777 illos
363 2731 421 2777 tres
437 2737 548 2789 verena,
568 2738 642 2794 quot
662 2721 770 2793 primur
790 2721 909 2777 inseruit
924 2722 1102 2792 Gronovius,
1121 2723 1180 2779 haee

146 2813 298 2869 observant
315 2832 321 2866 :
338 2812 461 2869 «Inveni
474 2813 527 2870 hot
542 2823 600 2868 tres
616 2830 713 2868 verens
727 2813 757 2867 in
770 2813 984 2868 membranaceo
1002 2813 1114 2884 codice,
1128 2816 1179 2889 qui

143 2904 211 2959 olim
228 2903 278 2959 Bil.
293 2903 491 2974 Pircheinreri,
505 2923 582 2961 nunc
595 2901 757 2960 Arondeliae
771 2904 881 2959 comitis
898 2913 955 2975 est3
969 2923 1018 2960 eos
1031 2924 1084 2961 nee
1098 2906 1181 2963 nimie

141 2992 291 3052 affirmabo
305 2995 387 3055 suu'i
399 3015 475 3067 esse,
494 2997 561 3072 quia
573 2997 604 3051 in
621 3013 680 3050 uno
694 2995 756 3051 solo
772 2995 871 3052 codice
885 2996 994 3070 reperi,
1008 3016 1061 3053 nec
1079 2999 1179 3054 exclu-

141 3087 209 3144 dere
225 3086 341 3147 omnino
356 3104 484 3159 possunt,
498 3089 565 3162 quia
578 3087 615 3143 ab
628 3086 743 3161 ingenio
757 3087 818 3159 ejus
832 3087 915 3143 alieni
928 3105 987 3143 non
1001 3100 1099 3144 eunt.»

182 3192 321 3249 Immanir
343 3193 436 3260 aemi,
458 3193 644 3267 tinmanisque
665 3194 752 3248 teneri
769 3190 807 3268 (v.
824 3190 903 3268 731).
932 3194 1125 3268 «Legendurn
1146 3215 1180 3252 ex

141 3286 201 3342 MS.
222 3283 309 3361 [adde
323 3284 463 3354 Petram„
483 3301 500 3340 a
518 3286 646 3353 Behott.,
665 3286 736 3361 Reg.
752 3280 782 3361 a]
803 3295 832 3340 et
850 3283 894 3339 ed.
910 3286 1049 3342 vetustiss.
1072 3307 1079 3341 :
1100 3289 1178 3346 tueri.

143 3377 306 3448 Terribilis,
322 3377 433 3453 inquit,
447 3378 510 3434 visu
524 3377 583 3434 aliia
595 3378 758 3448 ridebatur,
768 3388 797 3433 et
810 3396 908 3435 revera
922 3389 990 3434 erat.
1006 3404 1018 3429 ι
1032 3382 1181 3452 Gronov„

142 3470 251 3536 nuo„
273 3488 303 3544 p.
323 3470 371 3545 93.
387 3471 548 3527 mentitur
568 3470 672 3526 Marii.
692 3471 735 3525 ad
749 3471 831 3539 Sita,
850 3489 891 3540 ιι,
913 3470 977 3529 ι68.
999 3471 1056 3527 Alii
1077 3473 1181 3544 codd,

141 3562 171 3615 in
189 3561 293 3635 quibus
305 3564 354 3617 PR
371 3582 379 3617 ε
394 3563 509 3618 raineri
517 3588 543 3632 ιι,
562 3561 658 3637 quod,
669 3562 765 3635 judice
781 3582 843 3633 me,
857 3562 945 3619 nimio
964 3574 1083 3637 prestat.

182 3655 241 3709 Nee
254 3673 318 3709 enea
332 3657 451 3711 cnadelu·
468 3656 545 3711 civili
556 3657 692 3730 sanguim
704 3657 790 3711 wimer
812 3653 851 3733 (r.
871 3654 950 3734 737).
971 3658 1102 3713 Debebat
1124 3676 1182 3713 etse

143 3765 199 3801 non
212 3766 283 3802 mea.
298 3748 356 3803 Sed
373 3758 405 3803 tu
424 3749 485 3823 lege
500 3767 535 3804 ex
548 3750 603 3803 ΜΒ
622 3768 628 3802 :
644 3749 710 3804 «Ne
722 3768 784 3806 mea
800 3752 946 3806 cmdeseat
964 3750 1015 3806 cir.
1027 3751 1182 3806 »Aeno

144 3855 203 3911 aeq.
223 3839 353 3893 nonnulii
366 3839 520 3895 «animia.-
542 3839 585 3895 Cf.
604 3840 687 3895 Wrn.

188 3931 228 3985 Et
243 3930 455 4002 brachiafinoeit
467 3933 622 3986 Materiam
637 3930 788 4008 (suadebat
807 3932 898 4011 amor)
918 3933 955 4008 (r.
972 3931 1050 4010 743).
1064 3933 1111 3989 sic
1128 3932 1186 3986 hac

145 4020 291 4079 durissime
306 4021 471 4079 distinxerat
489 4026 617 4079 Gronov.
637 4027 726 4082 Recte
747 4027 870 4101 explicat
887 4025 1017 4081 Barthius
1039 4045 1046 4081 ε
1066 4022 1183 4081 ludendi
