2812 5258
68 464 100 521 (v.
111 459 164 522 nr.)
382 458 572 515 sumunt
592 461 699 517 LIBER
722 463 768 517 lll.

164 582 204 648 Et
217 582 339 673 campis
361 583 423 650 iter
435 607 533 651 amne
547 582 731 672 detinente,

161 701 292 792 Longos
310 701 422 768 eximit
439 702 602 788 ambitus,
623 726 776 796 novoque

159 817 285 907 Injectu
301 815 419 886 solidat
438 843 551 911 graves
569 843 705 905 arenas3

162 932 318 1003 Gaudens
331 936 483 1004 Euboicae
498 935 633 1005 domum
647 934 795 1030 Sibylla,
862 942 869 957 '

163 1055 401 1145 Gauranosque
416 1055 527 1139 sinus,
543 1067 576 1122 et
593 1068 763 1125 aestuantes

162 1174 292 1264 Septem
310 1173 475 1241 montibus
491 1171 666 1242 admovere
681 1176 785 1244 Baias.

208 1290 272 1358 Hic
288 1288 453 1382 qnondam
472 1292 566 1384 piger
582 1314 641 1360 axe
657 1306 767 1361 vectus
787 1290 853 1363 udo

165 1407 309 1476 Nutnbat
327 1432 423 1477 cruce
440 1407 585 1501 pendula
603 1410 728 1494 viator,

164 1526 386 1620 sorbebatque
404 1540 493 1598 rotas
511 1526 655 1621 maligna
674 1524 788 1611 tellus;

165 1647 207 1714 Et
226 1642 317 1738 plebs
337 1647 371 1713 in
390 1644 506 1714 mediis
525 1647 641 1715 Latina
660 1648 783 1739 campis

165 1763 327 1831 Horrebat
341 1761 426 1833 mala
442 1765 680 1858 navigationis;

168 1881 238 1948 Nec
256 1903 370 1946 cursus
389 1879 510 1972 agiles,
529 1895 562 1948 et
575 1883 767 1976 impeditum

169 1994 357 2064 Tardabant
377 1996 440 2063 iter
456 1996 576 2064 orbitae·
587 2013 747 2088 tacentes,

170 2108 259 2183 Dum
275 2112 405 2207 pondus
419 2113 557 2182 nimium
574 2138 713 2208 querens
730 2118 789 2184 sub
809 2115 875 2186 alta

171 2233 271 2325 Repit
288 2230 443 2325 languide
462 2232 649 2327 quadrupes
667 2223 806 2321 statem

171 2357 215 2423 At
231 2375 335 2437 nunc,
351 2375 423 2443 quae
441 2349 581 2420 solidum
598 2354 685 2422 diem
703 2355 842 2438 terebat,

171 2475 336 2540 Horarum
350 2470 404 2538 vio
419 2469 504 2539 facta
519 2472 574 2538 vix
591 2470 732 2540 duarum
749 2497 758 2539 t

172 2593 249 2660 Non
270 2604 366 2658 tensae
386 2587 557 2658 volucrum
576 2614 635 2683 per
653 2605 741 2660 astra
756 2615 891 2686 penna,

172 2713 243 2780 Nec
257 2706 399 2776 velocius
414 2708 522 2794 ibitis,
537 2711 665 2778 carine.

219 2828 281 2897 Hic
298 2828 422 2919 primus
436 2824 529 2894 labor
542 2828 697 2896 inchoare
713 2826 839 2914 sulcos,

175 2948 218 3014 Et
234 2944 418 3013 rescindere
438 2943 577 3028 limites,
592 2960 626 3013 ct
641 2944 710 3014 alto

178 3068 297 3157 Egestn
313 3065 445 3156 penitus
463 3087 579 3131 cavare
593 3076 719 3131 terras:

178 3185 277 3269 Mox,
295 3182 428 3250 haustas
444 3180 539 3249 aliter
558 3178 685 3274 replere
705 3180 824 3270 fossas,

179 3304 221 3370 Et
237 3325 366 3370 summo
383 3301 546 3393 gremium
562 3322 678 3392 parare
694 3298 808 3385 dorso,

179 3423 230 3490 Ne
246 3434 363 3488 nutent
375 3417 462 3504 sola,
480 3442 521 3486 ne
536 3417 680 3511 maligne
697 3417 804 3504 sedes,

180 3541 221 3607 Et
238 3540 354 3632 pressis
373 3537 510 3607 dubium
526 3534 634 3606 cubile
654 3537 761 3605 saxis:

180 3660 273 3726 Tunc
290 3658 485 3729 umbonibus
503 3660 582 3727 binc
600 3670 633 3726 et
649 3657 727 3724 binc
743 3654 884 3740 coactis,

182 3779 223 3845 Et
238 3776 361 3846 crebris
374 3777 436 3843 itcr
451 3776 585 3871 elligere
600 3774 761 3870 gompbis.

231 3898 262 3964 Ο
281 3908 412 3988 quantae
428 3895 548 3986 pariter
566 3919 682 3965 manns
701 3889 870 3962 laborant!

181 4015 224 4084 lli
241 4014 370 4085 caednnt
390 4036 524 4100 nemus,
543 4026 747 4104 exsnuntque
765 4023 913 4092 montes,
