2812 5258
57 440 174 503 (aas.)
368 430 584 488 rnnaunos
606 430 716 485 mann
739 430 776 485 x.

57 572 214 660 Increpat
232 562 358 633 Aonios
378 557 487 633 audax
502 558 655 627 Tritonia
674 558 789 626 Divos.

56 692 223 757 Junonem
243 684 378 752 tacitam
394 679 577 749 furibunda
598 675 731 748 silentia
751 693 918 773 torquent.

106 809 185 876 Nou
203 821 314 874 tamen
330 803 400 871 lraec
414 801 554 870 turbant
575 824 691 894 pacem
708 801 800 870 Iovis
819 826 827 869 :
849 824 928 872 ecce
946 805 1104 896 quierant

56 930 188 1023 Iurgia,
207 950 310 1021 quum
327 921 444 993 mediis
463 926 639 1017 Capanpus
657 919 792 991 auditus
810 921 845 990 in
860 924 966 993 astris.

57 1048 231 1119 «Nullane
251 1072 313 1140 pro
328 1044 481 1141 trepidis.
504 1042 686 1130 clamabat,
703 1044 844 1113 numina
859 1043 982 1117 Thebis

57 1171 179 1241 Statis?
200 1169 257 1238 nbi
274 1166 418 1237 infande
434 1189 548 1257 segnes
566 1161 697 1232 telluris
711 1162 857 1252 alumni,

57 1290 206 1360 Bacchus
225 1304 259 1358 et
274 1284 428 1357 Alcides?
446 1285 538 1379 piget
557 1283 715 1378 instigare
733 1285 888 1355 minores.

55 1416 107 1482 Tu
126 1412 236 1506 potius
253 1409 369 1476 venias
387 1405 483 1501 (quis
500 1407 589 1477 enim
607 1428 807 1476 concurrere
823 1408 918 1477 nobis

55 1528 305 1627 Dignior?):en
316 1528 442 1596 cineres
460 1525 676 1620 Semelenque
691 1527 788 1597 busta
803 1541 968 1599 tenentur.

56 1655 160 1722 Nunc
181 1675 263 1746 age,
284 1674 374 1719 nunc
393 1650 471 1718 totis
491 1651 524 1717 in
546 1674 600 1717 me
620 1650 791 1718 connitere
811 1648 974 1738 flammis,

54 1774 234 1867 Iuppiter:
256 1796 299 1840 an
319 1768 456 1864 pavidas
475 1771 602 1839 tonitru
624 1770 759 1839 turbare
776 1771 903 1864 puellas

54 1894 205 1977 Fortior,
227 1908 261 1961 et
277 1892 382 1960 soceri
404 1889 567 1959 thalamos
585 1888 777 1960 exscindere
796 1891 915 1961 Cadmi
926 1892 941 1961 l
954 1922 972 1957 a

104 2012 273 2107 Ingemuit
293 2010 391 2080 dictis
408 2013 574 2104 Superum
596 2010 693 2080 dolor
713 2036 722 2079 ε
741 2013 811 2105 ipse
830 2012 995 2082 furentem

53 2133 155 2218 Risit,
172 2148 205 2200 ct
226 2134 358 2201 incussa
379 2146 568 2201 sanctarum
589 2131 677 2202 mole
694 2157 884 2216 comarum,

54 2286 71 2317 a
83 2255 246 2343 Quanam
258 2276 334 2348 spos
344 2253 518 2322 hominum
536 2252 670 2322 tumidae
686 2268 763 2348 post
775 2253 891 2349 proalia
908 2254 1081 2351 Phlegrae?

54 2376 150 2443 Tune
162 2375 262 2442 etiam
277 2371 491 2442 ferienduslr
506 2375 574 2442 ait:
591 2376 711 2468 premit
726 2374 874 2469 undique
889 2375 1014 2445 lentum

54 2495 168 2563 Turba
185 2498 296 2563 Deum
313 2492 486 2578 frendens,
507 2509 539 2563 et
556 2493 622 2564 tela
642 2495 774 2564 ultricia
792 2498 907 2591 poscit.

55 2617 126 2685 Nec
138 2617 208 2708 jam
227 2614 327 2684 audet
347 2615 423 2683 fatis
442 2613 576 2683 turbata
591 2616 753 2685 obsistere
773 2618 906 2709 conjux.

55 2738 131 2828 Ipsa
146 2735 224 2804 dato
243 2733 394 2804 nondum
410 2732 551 2802 coelestis
567 2736 658 2828 regia
675 2737 771 2829 signo

55 2858 183 2949 Sponte
201 2870 311 2943 tonat,
332 2869 454 2925 coeunt
474 2856 553 2948 ipsae
572 2855 643 2922 sine
661 2855 795 2924 flamine
814 2855 937 2942 nubes,

53 2980 315 3070 Accurruntque
336 2977 466 3044 imbres.
489 2976 619 3070 Stygias
639 2976 767 3068 rupisse
785 2991 919 3045 catenas

54 3100 225 3193 Iapetum,
245 3113 304 3167 aut
323 3098 445 3165 victam
465 3120 585 3190 supera
604 3094 646 3164 ad
667 3119 817 3166 convexa
837 3096 937 3165 levari

55 3220 236 3307 Inarimen,
259 3221 433 3287 AEtnamve
450 3233 545 3312 putes
568 3244 576 3286 :
597 3216 701 3312 pudet
721 3219 785 3287 ista
806 3221 920 3288 timere

54 3339 250 3410 Coelicolas:
267 3338 325 3410 sed
345 3363 450 3433 quum
466 3340 499 3406 in
519 3338 625 3408 media
645 3340 808 3434 vertigine
827 3339 945 3409 mundi

55 3463 152 3529 Stare
165 3464 290 3548 virum,
305 3462 504 3554 insanasque
516 3459 629 3530 vident
649 3461 827 3555 deposcere
838 3487 984 3556 pugnas,

53 3581 224 3647 Mirantur
241 3583 350 3668 taciti,
372 3597 406 3650 et
426 3581 528 3651 dubio
550 3607 613 3677 pro
632 3581 773 3651 fulmine
792 3580 948 3677 pendent.

106 3702 259 3790 (kepcrat
277 3703 414 3796 Ogygiae
435 3728 535 3797 supra
552 3703 682 3797 fastigia
702 3706 804 3773 turris

56 3823 223 3889 Arcanum
243 3823 371 3914 mugire
387 3822 503 3916 polus,
523 3823 710 3916 coelumquc
725 3826 870 3893 tenebris

57 3940 189 4013 Aulerci
206 3966 213 4007 :
233 3954 322 4008 tenct
339 3938 394 4009 ille
409 3956 535 4027 tamen,
551 3967 633 4035 quas
649 3969 716 4013 non
730 3944 839 4029 videt,
854 3969 962 4023 arces,

57 4059 269 4154 Fulguraqnc
288 4061 411 4130 attritis
428 4062 558 4152 quoties
576 4065 721 4133 micuere
735 4062 908 4157 procellis,
