2812 5258
183 449 240 521 278
485 447 736 503 ncutLLutnos
759 447 872 503 uultu
894 448 916 502 1.
1100 449 1135 511 (v.
1149 450 1223 517 5⁶1.)

183 571 337 643 AEaciden
358 572 447 640 furto
461 572 531 665 jam
551 586 689 640 noverat
705 594 773 639 una
794 570 950 640 latentem

182 692 354 762 Deidamia
373 693 481 760 virum
501 716 510 761 ε
527 689 585 759 sed
601 704 726 783 opertu
741 691 873 759 conseia
891 689 998 784 culpe

183 815 312 883 Cuncta
331 826 444 906 pavet,
460 812 643 904 tacitusque
659 825 754 904 putat
774 811 895 878 sentire
913 835 1053 879 sorores.

185 934 335 1026 Namque
352 947 391 1001 ut
407 932 556 1027 virgineo
570 932 662 1000 stetit
676 932 808 1025 agmine
825 928 934 1000 clarus
955 929 1117 1020 Achilles,

185 1052 398 1146 Exsolvitque
414 1051 531 1121 rudem
547 1052 691 1146 genitrix
710 1049 856 1145 digressa
877 1050 1055 1145 pudorem,

185 1173 340 1241 Protinus
359 1167 458 1266 elegit
477 1171 650 1258 comitem,
665 1193 857 1264 quanquam
879 1170 986 1238 omnis
1006 1173 1040 1239 iu
1058 1170 1155 1241 illum

185 1292 299 1360 Turba
316 1292 405 1376 coit,
424 1289 613 1386 blandaque
631 1314 733 1360 novas
750 1289 797 1359 nil
813 1288 879 1359 tale
894 1291 1023 1359 timenti

185 1411 350 1482 Admovet
369 1411 503 1483 iusidias
524 1437 532 1480 τ
551 1409 640 1480 illam
658 1411 892 1504 sequiturque,
912 1410 1099 1503 premitque

185 1534 360 1627 hprobus
381 1557 389 1600 ε
408 1531 498 1601 illam
512 1530 616 1602 oculis
633 1532 818 1624 iterumque
838 1531 1025 1623 iterumque
1043 1534 1195 1603 resumit.

186 1655 285 1723 Nunc
304 1653 425 1722 nimius
443 1651 538 1720 lateri
554 1674 622 1720 nou
641 1650 795 1722 evitantis
812 1649 957 1719 adhaeret
979 1676 987 1718 ε

188 1777 288 1844 Nune
308 1772 436 1846 levibus
453 1774 567 1883 serpis,
586 1769 688 1867 lapsis
706 1794 796 1840 nuno
815 1785 933 1864 sponte
951 1772 1127 1857 canistris,

188 1895 287 1962 Nune
305 1893 416 1986 thyrso
435 1904 594 1987 parcente
609 1889 684 1962 ferit
702 1916 710 1959 :
729 1888 828 1958 modo
846 1888 955 1960 dulcia
976 1904 1063 1960 notas

186 2011 257 2081 Fila
273 2009 369 2107 lyrae,
386 2027 571 2106 tenuesque
586 2010 720 2098 modos,
737 2025 770 2079 et
786 2012 934 2080 carmina
951 2024 1112 2080 monstrat

188 2133 360 2221 Chironis,
380 2132 538 2227 ducitque
554 2157 708 2219 manum,
727 2131 913 2228 digitosque
929 2133 1060 2205 sonanti

188 2252 344 2348 infringit
364 2253 522 2323 cithare:
541 2277 632 2321 nunc
650 2266 869 2346 occupatura
888 2255 1055 2339 canentis,

188 2374 232 2440 Et
252 2370 332 2467 ligat
351 2370 541 2465 amplexus,
559 2385 593 2439 et
609 2368 700 2438 mille
719 2394 779 2462 per
798 2369 909 2439 oscula
928 2369 1049 2439 laudat.

190 2490 250 2560 Illa
269 2490 374 2561 libens
392 2490 505 2576 discit,
525 2513 592 2582 quo
611 2490 733 2557 vertice
748 2486 877 2575 Pelion,
894 2502 928 2557 et
946 2489 1020 2581 quis

191 2610 354 2694 AEacides,
372 2608 531 2704 puerique
546 2607 697 2678 auditum
714 2634 837 2678 nomen
855 2623 888 2678 et
907 2622 999 2677 actus

191 2729 328 2801 Assidue
343 2743 472 2824 smpet,
492 2743 526 2798 et
543 2744 738 2823 presentem
758 2744 870 2801 cantat
884 2726 1054 2799 Achillem.

190 2856 266 2944 Ipsa
283 2872 416 2943 quoque
433 2864 468 2918 et
487 2848 613 2918 validos
632 2851 781 2944 proferre
798 2847 978 2916 modestius
996 2865 1106 2934 artus,

188 2974 233 3038 Et
251 2983 385 3036 tenuare
403 2967 503 3036 rudes
519 2971 633 3037 attrito
652 2967 768 3062 pollice
786 2966 875 3035 lanas

192 3092 421 3174 Demonstrat,
438 3088 612 3183 reficitque
629 3087 732 3190 oolos,
752 3101 785 3154 et
804 3087 933 3181 perdita
952 3089 1041 3158 dura

191 3211 295 3276 Pensa
315 3231 436 3297 manu3
457 3211 613 3303 vocisque
628 3228 765 3292 sonum,
784 3208 982 3302 pondusque
999 3211 1156 3296 tenentis,

192 3325 359 3420 Quodque
376 3327 461 3423 sugit
478 3329 632 3414 comites,
652 3326 754 3395 nimio
771 3328 861 3421 quod
879 3327 1003 3397 lumine
1020 3354 1088 3397 sese

192 3444 303 3540 Figat,
320 3460 354 3514 et
371 3448 406 3514 in
426 3447 536 3517 verbis
554 3446 803 3538 intempestivus
822 3445 972 3534 anhelet,

190 3565 334 3632 Miratur
352 3590 361 3632 ε
376 3566 445 3657 jam
460 3567 597 3658 jamque
613 3562 707 3634 dolos
723 3567 851 3659 aperire
871 3583 1041 3660 parentem

190 3683 347 3777 Virginea
365 3680 496 3752 levitate
515 3683 614 3778 fugit,
634 3685 854 3780 prohibetque
873 3685 979 3754 fateri.

190 3803 244 3871 Sic
264 3803 325 3871 sub
344 3817 448 3871 matre
465 3805 558 3874 Rhea
572 3805 705 3897 juvenis
720 3821 879 3901 regnator
896 3806 1032 3902 Olympi

192 3920 313 3990 Oscula
333 3947 456 3992 secure
472 3923 574 3995 debat
590 3926 747 3996 insidiosa
766 3928 871 3997 sorori

193 4045 308 4112 Frater
325 4043 450 4134 adhuc,
469 4044 566 4117 medii
587 4046 693 4116 donec
710 4050 890 4118 reverentia
911 4052 1007 4118 cessit
