2812 5258
219 456 221 460 ·
288 439 342 496 noll
585 432 794 493 THEBMDOS
813 431 922 487 LIBER
943 430 1008 483 v11.
1210 423 1326 484 (2⁵95)

284 564 453 658 Transigit
471 590 478 630 :
498 559 559 630 illae
578 573 688 628 autem
705 555 806 651 longo
825 566 902 624 cum
918 553 1022 622 limit'e
1041 552 1104 620 susi

284 683 478 778 Sanguinis,
496 679 665 773 adportas
683 677 849 769 utrimque
869 675 1033 744 exstantia
1048 671 1176 739 ducunt

284 800 417 897 Spicula
435 800 660 885 semianimes,
681 797 872 891 gemituque
889 794 1039 863 imitante
1058 790 1228 885 querelas,

284 924 401 994 Saucia
418 902 547 989 dilectis
563 916 729 988 aeclinant
749 931 886 1012 pectora
903 916 1016 984 muris.

331 1039 468 1135 Templa
485 1053 597 1134 putes,
615 1039 798 1130 urbemque
818 1037 909 1130 rapi,
925 1035 1119 1127 facibusque
1138 1029 1289 1100 nefandis

282 1161 435 1231 Sidonios
453 1158 570 1228 ardere
585 1156 696 1227 lares:
716 1158 763 1226 sic
783 1155 908 1225 clamor
928 1155 1048 1248 apertis

282 1282 438 1351 Exoritur
457 1281 587 1348 muris:
607 1258 743 1349 mallent
758 1274 926 1346 'cunabula
945 1275 1057 1370 magni

282 1399 453 1488 Herculis,
473 1413 531 1468 aut
550 1390 913 1481 Semeles'thalamum,
933 1410 991 1463 aut
1008 1390 1176 1488 penetrale
1195 1393 1300 1463 ruisse

282 1521 502 1590 Harmonies:
522 1516 631 1586 cultor
650 1517 828 1585 Bacchaeus
847 1520 995 1584 Acontea
1013 1516 1165 1608 Phegeus

282 1642 354 1708 Jam
372 1661 515 1707 vacuum
533 1635 625 1725 telis,
643 1637 842 1729 geminoque
864 1636 896 1702 in
916 1635 1076 1727 sanguine
1095 1649 1251 1703 ovantem
1308 1702 1311 1706 Α

282 1760 443 1829 Cominus
459 1781 537 1827 ense
552 1757 637 1853 petit
654 1783 662 1823 z
680 1757 822 1825 subeunt
842 1758 977 1850 Tegeaea
991 1754 1148 1848 juventus

281 1877 413 1950 Auxilio
430 1877 516 1948 tardi
536 1905 543 1946 :
560 1879 629 1973 jam
641 1894 746 1973 supra
762 1901 854 1946 sacra
872 1876 1018 1946 serarum

282 2003 431 2094 Corpora
449 2001 599 2069 moerenti
616 1999 749 2097 juvenis
762 2000 851 2094 jacet
866 1997 948 2068 ultio
964 2000 1106 2069 Baccho.

329 2122 510 2215 Rumpitur
527 2135 560 2189 et
578 2123 720 2190 Graium
737 2121 848 2190 subito
866 2145 927 2215 per
942 2129 1047 2189 castra
1071 2121 1213 2191 tumultu

281 2237 467 2310 Concilium
486 2268 493 2306 :
513 2240 599 2334 fugit
614 2255 767 2309 externos
784 2243 912 2308 Iocasta
930 2265 989 2333 per
1006 2241 1131 2328 hostes,

279 2363 353 2429 lam
375 2381 442 2425 non
461 2382 541 2425 ausa
559 2382 673 2450 preces
690 2372 824 2442 tostas,
842 2360 1013 2452 ipsamque
1032 2357 1197 2454 repellunt

200 2463 202 2465 ’
281 2480 351 2568 Qui
368 2477 467 2546 modo
488 2490 556 2545 tam
576 2479 689 2562 mites;
705 2491 739 2545 et
756 2500 901 2571 praeceps
921 2492 1070 2573 tempore
1085 2479 1218 2575 Tydeus

281 2602 423 2670 Utitur:
444 2600 616 2693 «lte-age,
635 2623 724 2666 nunc
742 2622 855 2692 pacem
874 2613 1021 2693 sperate,
1042 2593 1222 2693 iidemque!

169 2704 170 2708 Ἰ
279 2724 380 2792 Nunc
394 2718 509 2790 saltem
528 2718 663 2789 differre
678 2718 794 2789 nefas?
811 2721 963 2814 potuitne
979 2723 1102 2790 morari

280 2847 371 2912 Dum
390 2841 532 2936 genitrix
550 2838 685 2909 dimissa
704 2840 836 2910 reditis
855 2842 909 2911 Sic
927 2841 1013 2910 satus
1029 2858 1145 2936 aperto

280 2967 368 3030 Ense
385 2977 482 3031 vocat
502 2962 632 3030 socios:
651 2986 755 3030 saevus
771 2962 841 3055 jam
860 2960 997 3050 clamor,
1017 2977 1050 3031 et
1069 2965 1125 3033 irae

279 3085 366 3151 Hinc
384 3097 484 3176 atque
501 3082 579 3152 iude
597 3082 728 3151 calent:
749 3081 840 3151 nullo
860 3085 950 3151 venit
967 3084 1084 3154 ordine
1102 3086 1245 3176 bellum3

277 3202 483 3295 Confusique
499 3201 598 3271 duces
619 3200 737 3297 vulgo,
754 3219 788 3271 et
808 3200 959 3298 neglecta
976 3221 1150 3300 regentum
1172 3236 1175 3244 ’

277 3323 445 3416 Imperia:
464 3345 531 3389 una
551 3323 677 3414 equites
698 3323 809 3407 mixti,
828 3323 1044 3419 peditumque
1063 3343 1220 3416 catervae,

276 3445 320 3509 Et
336 3439 445 3534 rapidi
461 3463 578 3508 currus
594 3443 739 3534 :premit
758 3441 923 3537 indigesta
938 3463 1072 3515 ruentes

276 3561 399 3654 Copia,
419 3585 479 3629 nec
494 3585 564 3629 sese
583 3575 677 3629 vacat
695 3576 880 3652 ostentare,
902 3589 960 3634 nec
979 3567 1108 3636 hostem

276 3685 422 3752 Noscere
442 3707 450 3749 ε
469 3682 516 3750 sic
533 3681 651 3750 subitis
668 3682 828 3751 Thebana
847 3687 1037 3780 Argivaque
1055 3691 1161 3783 pubes

276 3801 461 3873 Conflixere
481 3800 610 3896 globis:
626 3817 715 3872 retro
731 3803 866 3893 vexilla,
886 3806 1039 3902 tubaequc

275 3927 353 3994 Post
374 3937 520 4017 tergum,
542 3937 577 3992 et
595 3921 669 3993 litui
688 3923 812 3994 bellum
830 3928 987 3998 invenere
1005 3935 1120 4002 secuti.

275 4047 400 4116 Tantus
416 4044 459 4114 ab
476 4045 597 4140 exiguo
614 4046 780 4116 crudescit
797 4051 1128 4145 sanguinefMavorsl
