2812 5258
420 422 457 475 ΙΝ
478 424 507 477 Ρ.
530 424 559 476 P.
583 422 704 477 sumt
724 423 832 479 THEB.
855 427 922 480 ΠΒ.
945 429 996 483 tx.
1166 437 1222 511 329

234 534 365 608 Fugiunt,
376 536 537 611 Pheneique
545 537 710 611 phalanges
724 537 762 613 (r.
771 537 849 615 847.)
864 542 928 596 Vox
934 543 1119 617 sugt'untnon
1134 562 1223 607 exstat

193 623 222 678 iu
244 623 328 681 codd.
351 628 521 698 Bartbianis‚
537 639 656 702 excepto
676 630 744 697 ΜΒ,
765 636 1018 704 nequescronovii
1039 639 1222 698 «sinceriori-

192 718 281 787 bus»,
298 738 391 792 neque
413 720 442 774 in
460 724 548 791 Dan,
563 723 663 790 Taum,
677 723 753 797 aeg..
764 742 788 776 1.
810 725 932 782 Petrens.
950 747 957 781 :
966 744 1093 801 pereunt.
1113 734 1224 790 Deinde

191 812 273 866 multi
292 812 376 869 codd.
389 832 444 886 pro
459 817 621 889 Pheneique
635 815 770 870 exhibent
793 817 1008 895 Telephoeaeque
1024 843 1033 875 :
1051 825 1128 879 unde
1145 828 1221 882 Gro-

191 905 292 960 novius
310 906 404 961 et'l'ecit
420 928 426 960 ε
442 907 623 981 sAEpitiique
637 907 738 976 duces,
756 908 988 987 Thelpusoeoeque
1000 916 1190 992 phalanges„
1208 938 1223 974 a

191 996 350 1069 Thelpusa,
364 999 436 1054 urbe
453 1009 482 1055 et
496 1018 565 1074 agro
580 1000 611 1052 in
625 997 817 1055 Arcadia.Ad
835 1019 920 1073 quam
941 1006 1133 1077 conjecturam
1150 1028 1224 1084 pro-

190 1088 254 1160 pius
267 1091 375 1147 accedit
395 1092 480 1148 lectio
498 1090 731 1160 Barthiauorum,
749 1090 984 1170 Tbelplseleoeque
1003 1102 1078 1172 (nam
1101 1100 1222 1175 Tnefph.

191 1180 290 1237 vitium
304 1180 445 1257 typogr.);
467 1200 500 1237 ac
519 1183 603 1255 plane
623 1180 809 1238 confirmatur
832 1186 923 1259 Regio
951 1206 981 1255 ι,
1004 1190 1224 1268 Delphusr'oeque

190 1274 342 1328 exhibenti.
362 1276 395 1328 ln
408 1291 466 1346 seq.
484 1293 509 1327 v.
526 1274 621 1340 illum,
638 1275 780 1348 Dryanta,
791 1276 863 1348 fidit
881 1278 1105 1353 Parthenopaeus.

232 1379 336 1432 Sardos
350 1373 388 1451 (r.
408 1378 485 1453 864).
505 1381 572 1434 Non
586 1381 783 1453 obsequentes.
799 1382 838 1436 Ut
852 1382 986 1458 Virgilius
1003 1406 1009 1437 :

386 1569 469 1632 Neque
483 1568 549 1618 audit
563 1584 647 1618 currus
661 1569 772 1620 habenae

230 1747 294 1817 Qun
309 1747 430 1819 tegmina
447 1744 484 1822 (v.
500 1745 578 1824 872).
592 1748 646 1801 ΜΒ
665 1768 671 1801 z
686 1767 762 1821 «quo
779 1759 797 1803 t.
808 1792 816 1817 ,
827 1772 839 1798 υ
849 1749 925 1805 unde
940 1752 1033 1806 Barth.
1049 1753 1125 1824 conj.
1134 1759 1222 1827 quod,

187 1838 229 1893 uti
243 1838 345 1912 legitur
357 1840 387 1893 in
401 1859 412 1894 ι
429 1840 528 1895 Behot.
540 1850 568 1894 et
583 1840 652 1913 neg.
667 1859 690 1893 r.
705 1841 855 1914 Sequentis
869 1861 966 1899 sersus
980 1862 1044 1899 cum
1058 1845 1173 1900 Barthio
1184 1847 1222 1901 itu

187 1931 323 1987 mutanda
340 1930 484 1986 distinctio
503 1951 509 1985 :
527 1934 682 2001 slntrmat,
697 1931 865 2006 facilemque
884 1945 984 1991 cutem.
1000 1935 1084 1990 Subit
1099 1937 1193 1991 altera.
1208 1961 1223 1987 n

229 2038 385 2111 Caussaque
397 2038 538 2110 patebunt
551 2034 588 2110 (v.
608 2035 687 2113 876).
707 2040 755 2092 «A
769 2037 860 2094 Diana
878 2038 1044 2115 intelligitur
1063 2043 1155 2114 Dryas
1171 2059 1223 2096 oc·

188 2131 276 2198 risus,
292 2141 325 2186 ut
338 2131 397 2203 ipsa
409 2130 538 2203 superius
552 2129 587 2205 [v.
603 2127 670 2204 667]
688 2131 856 2202 promiserat
870 2131 987 2187 dicens:

293 2303 835 2369 ....Etuostrislsssitseriressgittis.·

781 2391 849 2436 Lim.

224 2565 317 2620 Invita
331 2581 483 2638 capessens
500 2566 590 2618 Arma
597 2581 673 2636 puer
684 2566 769 2637 rapui
781 2562 819 2640 (v.
836 2563 889 2638 891
902 2564 986 2641 sqq).
1002 2565 1081 2635 Quid
1091 2577 1132 2620 est
1141 2584 1222 2619 anna

185 2675 335 2730 capessens
353 2657 460 2731 rapui?
478 2653 557 2708 tiss.
576 2671 686 2722 omues,
708 2664 775 2708 vett.
791 2655 901 2726 aliquot
917 2656 982 2711 edd.
1004 2667 1032 2709 et
1049 2658 1126 2710 Lact.
1143 2676 1150 2708 ε
1169 2676 1221 2709 ca-

183 2766 283 2820 pesse,
297 2766 357 2801 non
373 2763 533 2821 capessens.
551 2744 596 2798 Sic
606 2754 700 2798 autem
716 2744 747 2797 in
763 2743 964 2816 antiquissimis
983 2763 1038 2816 pro
1051 2764 1131 2800 more
1150 2747 1221 2802 scri-

186 2848 267 2911 ptum
281 2837 364 2892 luisse
377 2849 449 2911 puto
457 2855 512 2910 pro
520 2837 649 2909 capessi:
659 2844 689 2889 ut
702 2835 738 2890 sit
754 2853 831 2891 arma
848 2836 931 2907 rapui
944 2854 1007 2909 que
1018 2838 1124 2909 capessi
1135 2839 1219 2894 nole-

184 2930 271 2997 bant,
287 2948 349 3002 quae
361 2929 538 3001 prehendere
554 2946 613 2982 non
628 2926 783 2994 debebam,
797 2946 874 2982 arma
885 2928 984 2982 bellica
998 2931 1221 3000 prorenatoriis.

185 3022 286 3076 Melius
300 3032 376 3076 certe
390 3022 444 3075 hoc
463 3038 548 3093 quam
561 3021 683 3094 probata
697 3021 903 3076 recentioribus
918 3022 1103 3079 Gronoviana
1118 3023 1221 3078 distin·

186 3113 244 3168 ctio
260 3134 266 3167 :
283 3138 294 3161 s
310 3111 419 3181 Merui,
432 3111 561 3185 genitrix.
577 3115 676 3167 Poenas
690 3111 777 3167 invita
796 3131 917 3186 capesse.
932 3116 1034 3182 Arina,
1052 3125 1119 3183 etc,
1130 3140 1142 3164 s
1157 3134 1221 3170 cum

185 3207 238 3260 hac
254 3205 326 3277 expl.
344 3225 350 3258 :
372 3227 386 3253 α
397 3202 541 3260 Resuscita
555 3202 641 3277 igitur
659 3204 728 3259 iram
746 3214 836 3274 tuam,
850 3216 882 3259 ut
896 3204 1049 3277 patientius
1068 3205 1180 3275 doleas,
1195 3218 1223 3262 ct

186 3298 315 3373 cogita...
336 3307 363 3351 te
378 3296 482 3368 ipsam,
497 3295 562 3350 licet
577 3295 711 3365 insitam,
730 3307 758 3352 et
777 3297 936 3371 graviores,
955 3295 1044 3368 justas
1059 3307 1167 3366 tamen,
1186 3297 1222 3354 de

184 3409 229 3444 me
245 3408 342 3463 poenas
362 3388 529 3459 expetivisse
544 3388 582 3442 ob
596 3390 801 3445 contumaciam
816 3400 844 3444 et
860 3389 1053 3444 temeritatem.
1068 3389 1131 3443 Hoc
1144 3391 1222 3445 velut

184 3483 300 3538 ultionis
306 3481 415 3571 ⁴solatio
429 3483 537 3536 luctum
557 3481 684 3555 mitiga.»
704 3481 791 3537 Vides
809 3499 894 3555 quam
909 3482 998 3536 multa
1011 3491 1103 3552 poeta
1115 3480 1222 3538 intule-

184 3576 236 3645 rit,
254 3574 284 3629 id
305 3574 386 3649 quod
408 3575 472 3645 jure
492 3574 641 3649 aliquoties
662 3575 776 3650 egregio
791 3575 853 3630 viro
869 3574 1053 3647 exprobravit
1072 3572 1220 3629 Marllan-

186 3668 247 3723 dus.
268 3670 399 3723 Ceterum
417 3668 581 3722 Lactantius
598 3685 615 3721 a
633 3666 762 3739 partibus
780 3666 918 3722 Gronovii
938 3677 1011 3723 stare
1029 3665 1158 3735 videtur,
1182 3666 1221 3720 ita

185 3759 320 3834 legendus
333 3777 348 3814 e
363 3759 427 3814 cod.
441 3758 527 3815 Paris.
547 3779 553 3812 z
570 3760 645 3813 «Die
662 3762 757 3815 merui.
773 3760 825 3816 Dic
845 3778 912 3816 mese
924 3759 1007 3814 matri
1025 3776 1059 3813 ex
1075 3775 1136 3813 mea
1151 3775 1221 3831 per·

185 3871 254 3908 sona
275 3852 388 3906 :merui
407 3849 515 3919 occidi,
538 3851 605 3923 quia
624 3861 651 3905 te
665 3863 844 3907 revocantem
860 3871 906 3907 me
928 3852 964 3906 ab
980 3851 1138 3908 intentione
1154 3847 1220 3902 belli

186 3963 245 4000 non
259 3963 319 3998 sum
341 3953 467 4010 secutus,
486 3953 512 3997 ct
533 3942 635 3997 merito
652 3962 749 4016 poeuas
768 3943 843 3999 dedi.
865 3944 995 4016 Capesse.
1011 3940 1084 4012 Quia
1104 3952 1130 3995 te
1149 3957 1220 3993 con-

186 4037 287 4111 tempsi
292 4059 301 4107 ;
319 4046 369 4092 aut
387 4036 531 4105 orbitatis,
552 4032 694 4110 quintilio
712 4037 866 4111 privaris.»
883 4035 973 4091 Aliter
986 4035 1044 4091 bec
1058 4043 1220 4089 correxerat
