2812 5258
356 493 409 566 198
655 489 863 544 THEBAIDOS
885 488 993 542 LIBER
1012 488 1050 541 11.
1262 486 1297 529 tv.
1313 483 1379 543 ns.)

353 612 502 680 Pollutas
518 611 642 704 placuit
661 612 803 678 fraterno
821 611 979 702 sanguine
993 608 1133 699 Tydeus.

354 733 440 798 Hinc
455 744 578 815 tumor,
595 745 627 796 et
643 727 758 821 longus
776 729 867 795 fratri
886 728 1085 818 promitteris
1104 724 1206 793 exsul.

354 851 429 939 Ipse
446 852 553 915 Deum
571 849 698 939 genitor
714 848 772 913 tibi
788 871 841 914 me
857 848 1027 913 miseratus
1041 846 1081 911 ab
1097 844 1164 911 alto

253 1026 256 1031 .
354 966 476 1051 Mittit3
494 966 578 1032 habe
595 965 738 1045 Thebas,
754 988 939 1055 carumque
955 963 1107 1055 cupidine
1123 964 1234 1056 regni,

355 1088 584 1176 Ansurumque
602 1083 713 1150 eadem
732 1107 920 1175 germanum
939 1080 1084 1174 expelle,
1101 1107 1160 1150 nec
1177 1078 1269 1149 ultra

355 1205 527 1269 Fraternos
544 1201 724 1267 inhiantem
741 1202 849 1267 obitus
866 1201 934 1267 sine
950 1200 1051 1266 fidere
1067 1201 1180 1291 coeptis

356 1320 554 1401 Fraudibus,
573 1333 629 1385 aut
646 1318 770 1386 Cadmo
790 1318 936 1385 dominas
954 1317 1073 1384 inferre
1092 1321 1289 1409 Mycenas.n

404 1439 509 1522 Dixit,
527 1450 560 1503 et
576 1436 768 1522 abscedens,
787 1438 906 1503 etenim
922 1432 989 1527 jaim
1007 1434 1127 1527 pallida
1142 1435 1284 1503 turbant

357 1554 470 1623 Sidera
487 1555 566 1625 lacis
583 1558 675 1645 equi,
696 1579 802 1622 ramos
820 1580 857 1621 ae
876 1553 995 1621 vellera
1010 1554 1110 1622 fronti

356 1676 524 1767 Deripnit,
541 1679 705 1745 confessus
724 1698 835 1759 avum,
854 1673 982 1764 dirique
1001 1675 1127 1765 nepotis

356 1793 510 1860 Incubuit
526 1796 632 1861 stratis
648 1821 655 1860 ε
667 1791 820 1885 jugulum
839 1815 915 1857 mox
934 1790 1021 1857 caede
1035 1805 1203 1883 patentem

357 1911 487 1997 Nudat,
503 1926 536 1978 et
554 1911 690 1978 undanti
707 1908 874 2003 perfundit
890 1908 1027 1976 vulnere
1043 1934 1209 1979 somnum.

404 2027 457 2096 Illi
475 2045 571 2121 rupta
588 2031 698 2122 quies;
717 2027 834 2097 attollit
853 2027 1018 2113 membra,
1036 2042 1176 2121 toroque

359 2146 502 2238 Erigitur
522 2146 636 2239 plenus
654 2148 827 2229 monstris,
845 2169 1029 2237 vanumque
1045 2171 1195 2215 cruorem

359 2266 552 2352 Excutiens,
573 2264 668 2333 simul
687 2267 800 2333 horret
814 2288 929 2344 avum,
946 2264 1145 2369 trabemque
1163 2267 1314 2359 requirit.

361 2381 476 2468 Qualis
495 2384 551 2450 nbi
568 2382 681 2450 audito
697 2397 874 2450 venantum
894 2405 1063 2451 murmure
1082 2384 1178 2475 tigris

360 2502 496 2569 Horruit
514 2502 549 2566 in
568 2499 727 2587 maculas,
744 2525 941 2592 somnosque
957 2503 1094 2569 excussit
1114 2503 1260 2589 merten

360 2617 449 2688 Bella
465 2620 572 2711 cupit,
591 2615 743 2709 laxatque
761 2644 873 2713 genas,
892 2634 924 2686 et
941 2633 1099 2712 temperat
1115 2644 1265 2717 ungues3

360 2740 438 2807 Mox
457 2739 522 2804 ruit
540 2738 573 2803 in
591 2750 730 2825 turmas,
748 2739 895 2828 natisque
912 2735 1064 2806 alimenta
1083 2744 1229 2813 cruentis

360 2859 545 2949 Spirantem
561 2855 624 2923 fert
641 2881 697 2924 ore
716 2856 822 2922 virum
842 2881 849 2922 :
870 2859 915 2923 sic
933 2860 1053 2929 excitus
1074 2865 1123 2930 ira

361 2978 505 3062 Ductor,
524 2975 558 3042 in
575 2974 740 3041 absentem
760 2982 921 3047 consumit
941 2979 1053 3073 proelia
1071 2979 1218 3048 fratrem.

408 3097 451 3162 Et
465 3095 534 3185 jam
548 3096 734 3191 Mygdoniis
750 3097 833 3166 elata
853 3097 1013 3167 cubilibus
1029 3097 1097 3165 alto

361 3212 542 3304 Impulerat
559 3215 640 3284 coelo
658 3216 780 3310 gelidas
797 3221 924 3286 Aurora
942 3218 1106 3302 tenebras,

362 3332 524 3398 Rorantes
540 3357 671 3402 excussa
689 3360 813 3422 comas,
831 3335 1035 3428 multumque
1053 3339 1205 3427 sequenti

363 3447 437 3519 Sole
453 3449 596 3517 rubens:
615 3449 662 3518 illi
681 3478 792 3521 roseus
810 3478 868 3546 per
886 3450 998 3519 nubila
1015 3478 1101 3522 seras

363 3564 512 3635 Advertit
528 3566 688 3655 flammas,
707 3568 915 3662 alienumque
931 3571 1051 3638 aetbera
1069 3571 1163 3640 tardo

364 3683 495 3751 Lucifer
511 3684 577 3751 exit
593 3709 691 3776 equo,
711 3685 814 3752 donec
833 3701 924 3778 pater
942 3689 1054 3781 igneas
1070 3689 1184 3758 orbem

364 3799 519 3894 Impleat,
536 3817 634 3895 atque
652 3804 712 3895 ipsi
731 3803 838 3872 radios
854 3820 940 3873 vetet
954 3833 1022 3877 esse
1038 3809 1151 3876 sorori.

413 3923 526 4010 Quum
544 3924 652 3991 senior
666 3921 873 4012 Talaonides,
891 3952 950 3995 nec
967 3926 1063 4022 longa
1082 3929 1202 3997 morati

366 4041 575 4135 Dirooeusque
591 4042 729 4134 gradum
746 4047 930 4138 pariterque
948 4045 1121 4114 Acheloius
1139 4048 1241 4119 beros
