2812 5258
297 498 353 537 aro
590 477 802 533 THEBAIDOS
824 476 935 532 LIBER
957 479 1006 533 x1.
1207 486 1239 543 (r.
1258 480 1325 543 rat.)

295 610 379 698 Quae
395 608 462 693 via,
481 607 595 697 quisve
611 602 718 690 dolor,
735 629 796 672 cur
812 619 925 673 ruoesta
946 607 1108 699 insignia?
1126 621 1254 675 tantum

295 727 461 815 Fleverat;
480 745 580 823 atque
597 749 697 794 manu
717 724 849 792 timidos
866 739 1028 793 averterat
1046 727 1147 821 ignes.

295 849 365 916 Scit
379 862 521 916 mentem
540 847 662 917 vidisse
678 845 791 915 nefas:
812 847 935 915 etenim
955 846 1043 915 unde
1058 849 1205 940 Mycenis

295 966 435 1052 effloret,
453 982 487 1035 et
502 966 626 1036 vallum
642 966 762 1059 conjux
781 968 916 1061 inopina
933 966 1080 1035 subiret?

295 1086 358 1154 Sed
376 1086 434 1155 fati
448 1088 609 1174 monitus,
625 1088 799 1179 vicinaque
813 1086 929 1155 funera
943 1088 1058 1169 sentit,

293 1209 477 1277 desentire
492 1208 585 1276 timet
601 1233 609 1275 τ
629 1231 731 1300 quum
749 1230 827 1274 vero
846 1206 1041 1276 Acherontis
1059 1209 1166 1299 operti
1283 1273 1286 1281 ,

294 1328 380 1395 Diva
396 1343 447 1396 ter
461 1326 595 1395 admoto
613 1328 718 1419 tetigit
737 1327 870 1395 thoraca
889 1324 1034 1418 flagello,

295 1446 398 1516 Ardet
411 1448 506 1541 inops
520 1448 638 1533 animi,
655 1470 716 1513 nec
732 1460 798 1513 tarn
815 1447 986 1515 considere
1001 1471 1125 1542 regno,

294 1569 407 1656 Quam
418 1565 537 1652 scelus,
552 1578 584 1634 et
597 1563 734 1652 caedem,
744 1580 778 1632 et
792 1565 927 1658 perfossi
945 1567 978 1633 in
988 1567 1147 1660 sanguine
1157 1566 1265 1635 fratris

295 1687 470 1780 Exspirare
489 1687 595 1778 cupit,
614 1684 807 1777 subitusque
823 1683 945 1752 affatur
963 1683 1161 1754 Adrastum:

344 1808 456 1874 «Sera
473 1804 622 1898 quidem,
638 1818 802 1872 extremus
820 1806 1148 1899 socium,gentisque
1160 1822 1325 1901 superstes

296 1923 474 2019 Argolicae,
492 1924 661 2012 consulta,
680 1939 785 2020 pater,
803 1925 870 2018 jam
892 1926 991 1993 rebus
1010 1926 1046 1995 in
1064 1927 1162 1995 arctis

295 2045 497 2140 Aggredior:
510 2060 590 2114 tunc
600 2060 727 2139 tempus
737 2060 822 2131 erat,
836 2069 940 2138 quum
950 2047 1082 2140 sanguis
1091 2046 1254 2117 Achivum

294 2169 439 2258 Integer,
458 2168 506 2234 ire
525 2165 628 2249 ultro,
647 2167 851 2260 primamque
869 2189 1037 2260 capessere
1054 2191 1215 2260 pugnam,

295 2287 372 2354 Non
391 2284 495 2378 plebis
514 2285 628 2353 danaae
645 2284 775 2368 florem,
796 2309 977 2377 regumque
996 2286 1152 2355 verendas

298 2405 472 2497 Objectare
490 2403 630 2488 animas,
647 2415 685 2469 ut
703 2399 913 2469 lamentabile
931 2405 1032 2471 tantis

295 2525 441 2595 Urbibus
457 2521 626 2591 induerem
642 2522 741 2615 capiti
759 2521 878 2590 decus:
899 2546 1012 2618 aspera
1029 2523 1163 2617 quando

296 2648 454 2741 Praecepit
471 2648 594 2733 virtus3
611 2670 701 2715 nunc
717 2642 833 2715 saltem
853 2642 1018 2715 exsolvere
1035 2645 1082 2715 sas
1099 2649 1157 2731 sit,

296 2768 381 2856 Quae
400 2768 505 2835 merui
523 2793 530 2835 ε
550 2768 613 2836 scis
631 2791 794 2860 namque,
812 2791 914 2852 socer,
930 2766 1004 2835 licet
1021 2765 1087 2835 alta
1104 2768 1261 2836 recondas

297 2886 463 2973 Vulnera,
483 2900 516 2954 et
535 2884 693 2955 afflictum
714 2887 823 2981 generi
846 2909 975 2953 vereare
993 2885 1153 2980 pudorem
1170 2914 1177 2954 :

297 3004 356 3075 Ille
370 3032 431 3099 ego
443 3032 535 3089 sum,
551 3008 608 3097 qui
624 3020 656 3073 te
671 3030 783 3099 pacem
799 3019 830 3073 et
842 3006 894 3097 pia
907 3005 982 3096 jura
996 3022 1162 3101 regentem

297 3124 412 3193 Infelix
433 3124 646 3218 (utinamque
666 3123 737 3193 aliis
757 3124 851 3190 datus
869 3122 1007 3193 urbibus
1022 3127 1168 3220 hospes)

296 3248 468 3312 Extorrem
489 3246 613 3338 patria,
633 3266 824 3336 regnoque:
845 3242 901 3310 sed
921 3246 1014 3338 exige
1033 3245 1161 3314 tandem

297 3363 489 3456 Supplicia:
512 3362 643 3431 fratrem
662 3386 814 3455 suprema
835 3364 868 3430 in
888 3363 973 3432 bella
993 3365 1096 3459 (quid
1115 3367 1256 3436 horres?

295 3486 471 3551 Decretum
490 3497 559 3568 est,
579 3481 767 3574 fixumque)
785 3506 891 3551 voco:
910 3483 1027 3552 desiste
1045 3487 1189 3553 morari:

295 3604 366 3671 Ncc
383 3603 527 3694 poteris:
547 3626 612 3669 uon
630 3603 656 3668 si
672 3615 743 3669 atra
762 3627 893 3694 parens,
911 3605 1102 3697 miseraeque
1119 3630 1247 3674 sorores

294 3724 333 3788 In
353 3720 459 3788 media
479 3744 570 3788 arma
589 3719 729 3790 cadant:
749 3746 817 3789 non
836 3723 863 3790 si
884 3723 953 3815 ipse
970 3723 1012 3791 ad
1029 3723 1115 3792 bella
1136 3728 1243 3794 ruenti

296 3840 430 3927 Obstet,
449 3856 483 3908 et
502 3843 679 3909 exstinctos
697 3840 795 3936 galeae
812 3857 906 3936 pater
923 3845 1051 3936 ingerat
1069 3845 1180 3931 orbes,

295 3961 453 4033 Delicium
471 3987 478 4028 :
504 3986 587 4029 aune
605 3961 716 4030 bibam
734 3977 881 4057 superest
896 3963 1116 4057 quodcunque
1132 3966 1258 4034 cruoris

295 4080 445 4150 Inachii?
463 4096 496 4149 et
514 4083 627 4150 vestris
645 4082 824 4151 etiamnum
845 4085 1006 4151 mortibus
1025 4084 1120 4152 utar?
