2812 5258
183 389 250 504 232-
469 409 721 480 acammos
742 418 854 474 unes
874 419 910 474 n.
1098 421 1225 482 (esst.)

185 552 318 624 Ultores
338 577 346 618 :
368 550 443 642 quis
461 548 549 614 enim
566 540 705 638 genialia
724 542 847 611 federa
868 545 976 636 rumpi

184 676 293 766 Capta
311 668 413 754 dolis,
431 663 584 758 tacitique
597 663 683 731 trahi
699 664 866 732 connubia
884 678 997 757 raptu,

185 796 257 862 Ceu
273 810 388 886 μω,
405 798 652 870 armentumve,
667 797 726 851 aut
741 782 822 852 viles
841 784 957 852 messis
976 806 1113 851 acervos

186 908 352 981 Perierat?
368 907 437 975 hee
453 919 487 974 et
502 928 571 973 non
588 903 689 972 sortes
705 904 833 996 jactura
849 918 1008 972 moveret

187 1033 264 1100 Non
282 1025 359 1096 tulit
375 1006 512 1094 insidias
528 1023 654 1093 Divum
672 1023 868 1117 imperiosus
886 1027 1033 1117 Agenor,

186 1148 401 1242 Mugitusqne
415 1166 541 1228 noros,
561 1156 595 1210 et
612 1164 735 1237 magno
754 1143 891 1212 numine
908 1158 1034 1212 vectam

186 1267 324 1356 Quesiit
342 1269 516 1359 Europen,
534 1277 795 1358 aspermusque
809 1265 995 1333 Tonantem
1012 1277 1063 1332 est

186 1391 233 1458 Ut
251 1406 409 1481 geneum
426 1411 435 1453 τ
451 1399 580 1478 raptam
598 1398 632 1452 et
648 1383 804 1476 Scythico
820 1384 862 1452 de
876 1383 973 1454 litore
991 1382 1119 1479 prolem
1212 1368 1215 1373 ¹

186 1509 262 1576 Non
282 1504 358 1576 tulit
375 1507 501 1592 ΕΜ,
520 1502 673 1594 ferroque
688 1516 722 1570 et
737 1501 841 1572 classe
856 1516 988 1573 temtus

188 1624 356 1696 semideos
373 1646 482 1717 reges,
496 1635 530 1690 et
548 1623 671 1689 ituram
690 1622 725 1689 in
744 1621 852 1691 sidera
870 1626 1018 1718 puppim.

187 1748 258 1817 Nos
274 1743 407 1836 Phryga
427 1740 618 1810 semivirum
634 1754 751 1834 portus
767 1755 801 1810 et
817 1740 914 1811 litora
933 1744 1058 1812 circum

188 1859 342 1957 Argolica
358 1861 483 1930 incesta
498 1857 694 1929 volitantem
712 1882 825 1955 puppe
844 1861 1007 1932 feremus?

187 1984 301 2075 Usque
312 1978 396 2048 adeo
405 2001 570 2072 nusquam
582 2000 675 2047 mma
684 1976 719 2047 e't
727 1979 979 2076 equi,fretaque
991 1983 1080 2052 invia
1089 1984 1226 2054 Graiis?

187 2101 281 2192 Quid
296 2101 323 2170 si
342 2125 431 2169 nunc
448 2098 568 2194 aliquis
585 2101 701 2195 patriis
719 2115 878 2195 rapturus
893 2103 936 2171 ab
951 2104 1018 2172 oris

189 2220 384 2289 Deidamian
401 2235 471 2307 est,
491 2217 691 2311 viduaquea
709 2219 787 2289 sede
807 2220 944 2292 revellat

189 2341 393 2422 Attonitum,
408 2353 442 2405 et
458 2338 570 2430 msg'ni
586 2335 784 2406 clamantem
802 2364 922 2410 nomen
939 2334 1100 2411 Achillis?
1115 2373 1132 2408 s

187 2456 281 2529 Illius
299 2456 341 2525 ad
356 2452 513 2549 capulum
527 2453 626 2522 rediit
641 2476 778 2540 manus,
794 2469 829 2524 et
847 2457 945 2526 simul
964 2461 1081 2553 ingens

189 2574 325 2672 Impulit
340 2598 400 2644 ora
413 2571 518 2642 rubor
533 2596 542 2640 z
558 2573 662 2645 nmis
678 2582 854 2645 contentus
864 2573 997 2675 Ulixes.

237 2695 370 2790 Excipit
385 2691 534 2763 OEnides
550 2717 559 2761 τ
579 2692 722 2783 sQuin,
738 2719 759 2764 o
775 2694 965 2795 dignissima
979 2692 1053 2766 ooeli

190 2817 385 2910 Progenies,
401 2813 551 2907 ritusque
566 2824 661 2898 tuos,
677 2812 904 2907 elementaque
923 2817 1036 2910 prime

193 2934 337 3023 Indolis,
355 2950 389 3004 et
403 2932 512 3003 valida
526 2957 606 3004 mox
622 2935 798 3005 accedente
810 2936 968 3027 juventa,

191 3056 276 3143 Quae
292 3052 408 3122 solitus
424 3051 561 3122 laudum
575 3053 637 3122 tibi
651 3055 775 3123 semina
791 3053 936 3146 pandere
951 3058 1077 3127 Chiron

192 3173 400 3266 virtutisque
415 3171 538 3261 aditus,
552 3196 636 3266 quaa
652 3170 798 3241 membra
814 3194 936 3270 augere
951 3190 1011 3271 per
1028 3188 1130 3264 artes,

194 3294 286 3381 Quas
307 3294 472 3377 animum,
489 3293 599 3376 sociis,
623 3289 831 3386 multumque
849 3294 1035 3366 faventibus
1051 3297 1111 3366 ede
1127 3320 1135 3364 ε

193 3413 242 3478 Sit
258 3412 400 3503 pretium
414 3409 530 3504 longas
544 3410 676 3504 penitus
691 3412 844 3502 quesisse
863 3438 922 3508 per
938 3415 1043 3485 undas
1129 3422 1134 3428 ’

193 3531 335 3622 Scyron,
355 3543 390 3597 et
405 3528 457 3597 his
476 3529 574 3597 armis
591 3528 738 3621 primum
756 3531 933 3602 intendisse
952 3533 1101 3613 lacertos.
1120 3566 1137 3600 s

243 3649 355 3736 Quem
372 3648 484 3741 pigeat
501 3669 560 3716 sue
575 3645 660 3715 fecta
677 3646 791 3743 loqui?
807 3666 918 3722 tamen
936 3654 991 3723 ille
1008 3653 1154 3725 modeste

195 3767 352 3853 Inchoat,
369 3765 544 3858 ambiguus
559 3765 722 3859 paullum,
739 3772 941 3867 propiorque
960 3791 1076 3845 coacto
1096 3801 1105 3843 t

196 3919 213 3954 s
226 3890 339 3969 Dicor,
356 3899 388 3954 et
404 3886 440 3954 in
457 3885 593 3972 teneris,
608 3901 642 3956 et
656 3889 765 3960 adhue
780 3895 1001 3965 crescentibus
1018 3899 1130 3985 annis,

196 4003 370 4077 tuentia
387 4019 425 4074 ut
440 4003 547 4098 rigido
564 4007 674 4076 senior
691 4030 744 4079 me
763 4028 874 4083 monte
890 4017 1036 4102 recepit,
1064 4058 1069 4067 -
