<?xml version="1.0" encoding="UTF-8"?>
<!DOCTYPE html PUBLIC "-//W3C//DTD XHTML 1.0 Transitional//EN"
    "http://www.w3.org/TR/xhtml1/DTD/xhtml1-transitional.dtd">
<html xmlns="http://www.w3.org/1999/xhtml" xml:lang="en" lang="en">
 <head>
  <title>
</title>
<meta http-equiv="Content-Type" content="text/html;charset=utf-8" />
  <meta name='ocr-system' content='tesseract 3.04.00' />
  <meta name='ocr-capabilities' content='ocr_page ocr_carea ocr_par ocr_line ocrx_word'/>
</head>
<body>
  <div class='ocr_page' id='page_1' title='image "./publiipapiniist01statgoog_0330.png"; bbox 0 0 2812 5258; ppageno 0'>
   <div class='ocr_carea' id='block_1_1' title="bbox 324 403 1364 471">
    <p class='ocr_par' dir='ltr' id='par_1_1' title="bbox 324 403 1364 471">
     <span class='ocr_line' id='line_1_1' title="bbox 324 403 1364 471; baseline -0.005 -12"><span class='ocrx_word' id='word_1_1' title='bbox 324 403 362 471; x_wconf 72' lang='lat' dir='ltr'>si.</span> <span class='ocrx_word' id='word_1_2' title='bbox 642 403 853 459; x_wconf 76' lang='lat' dir='ltr'>rumamos</span> <span class='ocrx_word' id='word_1_3' title='bbox 874 404 984 457; x_wconf 76' lang='lat' dir='ltr'>unna</span> <span class='ocrx_word' id='word_1_4' title='bbox 1004 404 1039 457; x_wconf 92' lang='lat' dir='ltr'>v.</span> <span class='ocrx_word' id='word_1_5' title='bbox 1246 405 1279 465; x_wconf 64' lang='lat' dir='ltr'>(v.</span> <span class='ocrx_word' id='word_1_6' title='bbox 1293 408 1364 470; x_wconf 61' lang='lat' dir='ltr'>us.)</span> 
     </span>
    </p>
   </div>
   <div class='ocr_carea' id='block_1_2' title="bbox 319 526 1215 1220">
    <p class='ocr_par' dir='ltr' id='par_1_2' title="bbox 325 526 1082 622">
     <span class='ocr_line' id='line_1_2' title="bbox 325 526 1082 622; baseline -0.012 -20"><span class='ocrx_word' id='word_1_7' title='bbox 325 534 454 620; x_wconf 82' lang='lat' dir='ltr'>Dicite,</span> <span class='ocrx_word' id='word_1_8' title='bbox 475 529 524 600; x_wconf 89' lang='lat' dir='ltr'>vel</span> <span class='ocrx_word' id='word_1_9' title='bbox 539 531 646 622; x_wconf 88' lang='lat' dir='ltr'>justos</span> <span class='ocrx_word' id='word_1_10' title='bbox 662 529 757 619; x_wconf 88' lang='lat' dir='ltr'>cujus</span> <span class='ocrx_word' id='word_1_11' title='bbox 773 526 937 619; x_wconf 85' lang='lat' dir='ltr'>pulsantia</span> <span class='ocrx_word' id='word_1_12' title='bbox 955 552 1082 594; x_wconf 90' lang='lat' dir='ltr'>menses</span> 
     </span>
    </p>

    <p class='ocr_par' dir='ltr' id='par_1_3' title="bbox 319 645 1215 1220">
     <span class='ocr_line' id='line_1_3' title="bbox 325 645 1215 741; baseline -0.006 -20"><span class='ocrx_word' id='word_1_13' title='bbox 325 656 413 722; x_wconf 88' lang='lat' dir='ltr'>Vota</span> <span class='ocrx_word' id='word_1_14' title='bbox 428 645 578 719; x_wconf 75' lang='lat' dir='ltr'>tumenti</span> <span class='ocrx_word' id='word_1_15' title='bbox 593 671 658 739; x_wconf 92' lang='lat' dir='ltr'>qua</span> <span class='ocrx_word' id='word_1_16' title='bbox 675 671 756 740; x_wconf 90' lang='lat' dir='ltr'>pace</span> <span class='ocrx_word' id='word_1_17' title='bbox 774 646 859 715; x_wconf 86' lang='lat' dir='ltr'>feras</span> <span class='ocrx_word' id='word_1_18' title='bbox 875 647 1090 740; x_wconf 82' lang='lat' dir='ltr'>volucresque</span> <span class='ocrx_word' id='word_1_19' title='bbox 1104 648 1215 741; x_wconf 87' lang='lat' dir='ltr'>jugari</span> 
     </span>
     <span class='ocr_line' id='line_1_4' title="bbox 324 763 1206 860; baseline -0.003 -21"><span class='ocrx_word' id='word_1_20' title='bbox 324 774 398 840; x_wconf 89' lang='lat' dir='ltr'>Mos</span> <span class='ocrx_word' id='word_1_21' title='bbox 415 770 518 837; x_wconf 89' lang='lat' dir='ltr'>datus.</span> <span class='ocrx_word' id='word_1_22' title='bbox 535 768 612 835; x_wconf 85' lang='lat' dir='ltr'>Heu</span> <span class='ocrx_word' id='word_1_23' title='bbox 626 763 758 860; x_wconf 80' lang='lat' dir='ltr'>segnes!</span> <span class='ocrx_word' id='word_1_24' title='bbox 775 769 928 860; x_wconf 84' lang='lat' dir='ltr'>potuitne</span> <span class='ocrx_word' id='word_1_25' title='bbox 945 765 1075 835; x_wconf 88' lang='lat' dir='ltr'>ultricia</span> <span class='ocrx_word' id='word_1_26' title='bbox 1094 770 1206 836; x_wconf 77' lang='lat' dir='ltr'>Graiis</span> 
     </span>
     <span class='ocr_line' id='line_1_5' title="bbox 324 884 1194 982; baseline -0.001 -25"><span class='ocrx_word' id='word_1_27' title='bbox 324 888 516 982; x_wconf 82' lang='lat' dir='ltr'>Virginibus</span> <span class='ocrx_word' id='word_1_28' title='bbox 537 884 617 955; x_wconf 86' lang='lat' dir='ltr'>dare</span> <span class='ocrx_word' id='word_1_29' title='bbox 634 885 699 954; x_wconf 85' lang='lat' dir='ltr'>tela</span> <span class='ocrx_word' id='word_1_30' title='bbox 716 901 826 978; x_wconf 90' lang='lat' dir='ltr'>pater,</span> <span class='ocrx_word' id='word_1_31' title='bbox 847 885 1005 979; x_wconf 71' lang='lat' dir='ltr'>laetusque</span> <span class='ocrx_word' id='word_1_32' title='bbox 1023 886 1194 971; x_wconf 89' lang='lat' dir='ltr'>dolorum,</span> 
     </span>
     <span class='ocr_line' id='line_1_6' title="bbox 324 1005 1202 1100; baseline 0.007 -28"><span class='ocrx_word' id='word_1_33' title='bbox 324 1008 489 1100; x_wconf 85' lang='lat' dir='ltr'>Sanguine</span> <span class='ocrx_word' id='word_1_34' title='bbox 506 1030 638 1074; x_wconf 89' lang='lat' dir='ltr'>securos</span> <span class='ocrx_word' id='word_1_35' title='bbox 651 1007 814 1097; x_wconf 89' lang='lat' dir='ltr'>juvenum</span> <span class='ocrx_word' id='word_1_36' title='bbox 831 1005 1028 1098; x_wconf 81' lang='lat' dir='ltr'>perfundere</span> <span class='ocrx_word' id='word_1_37' title='bbox 1046 1011 1202 1078; x_wconf 82' lang='lat' dir='ltr'>somnos?</span> 
     </span>
     <span class='ocr_line' id='line_1_7' title="bbox 319 1091 1183 1220; baseline -0.003 -21"><span class='ocrx_word' id='word_1_38' title='bbox 319 1091 365 1199; x_wconf 72' lang='lat' dir='ltr'>bt</span> <span class='ocrx_word' id='word_1_39' title='bbox 380 1152 440 1194; x_wconf 91' lang='lat' dir='ltr'>nos</span> <span class='ocrx_word' id='word_1_40' title='bbox 455 1123 574 1220; x_wconf 91' lang='lat' dir='ltr'>vulgus</span> <span class='ocrx_word' id='word_1_41' title='bbox 591 1128 679 1193; x_wconf 90' lang='lat' dir='ltr'>iners</span> <span class='ocrx_word' id='word_1_42' title='bbox 697 1151 705 1192; x_wconf 76' lang='grc' dir='ltr'><strong><em>ε</em></strong></span> <span class='ocrx_word' id='word_1_43' title='bbox 723 1124 813 1216; x_wconf 93' lang='lat' dir='ltr'>quod</span> <span class='ocrx_word' id='word_1_44' title='bbox 830 1127 856 1193; x_wconf 93' lang='lat' dir='ltr'>si</span> <span class='ocrx_word' id='word_1_45' title='bbox 872 1127 1084 1219; x_wconf 85' lang='lat' dir='ltr'>propioribus</span> <span class='ocrx_word' id='word_1_46' title='bbox 1102 1131 1183 1196; x_wconf 91' lang='lat' dir='ltr'>actis</span> 
     </span>
    </p>
   </div>
   <div class='ocr_carea' id='block_1_3' title="bbox 317 1244 1231 1477">
    <p class='ocr_par' dir='ltr' id='par_1_4' title="bbox 317 1244 1231 1477">
     <span class='ocr_line' id='line_1_8' title="bbox 323 1244 1215 1339; baseline 0.003 -27"><span class='ocrx_word' id='word_1_47' title='bbox 323 1249 381 1320; x_wconf 88' lang='lat' dir='ltr'>Est</span> <span class='ocrx_word' id='word_1_48' title='bbox 394 1269 495 1338; x_wconf 91' lang='lat' dir='ltr'>opus,</span> <span class='ocrx_word' id='word_1_49' title='bbox 509 1270 584 1314; x_wconf 89' lang='lat' dir='ltr'>ecce</span> <span class='ocrx_word' id='word_1_50' title='bbox 596 1247 724 1314; x_wconf 91' lang='lat' dir='ltr'>animos</span> <span class='ocrx_word' id='word_1_51' title='bbox 739 1244 856 1312; x_wconf 89' lang='lat' dir='ltr'>doceat</span> <span class='ocrx_word' id='word_1_52' title='bbox 869 1244 1064 1337; x_wconf 85' lang='lat' dir='ltr'>Rhodopeia</span> <span class='ocrx_word' id='word_1_53' title='bbox 1078 1249 1215 1339; x_wconf 84' lang='lat' dir='ltr'>conjux,</span> 
     </span>
     <span class='ocr_line' id='line_1_9' title="bbox 317 1330 1231 1477; baseline 0.004 -46"><span class='ocrx_word' id='word_1_54' title='bbox 317 1330 403 1477; x_wconf 67' lang='lat' dir='ltr'>¹lllta</span> <span class='ocrx_word' id='word_1_55' title='bbox 424 1389 525 1432; x_wconf 82' lang='lat' dir='ltr'>manu</span> <span class='ocrx_word' id='word_1_56' title='bbox 547 1363 724 1448; x_wconf 90' lang='lat' dir='ltr'>thalamos,</span> <span class='ocrx_word' id='word_1_57' title='bbox 747 1366 934 1456; x_wconf 81' lang='lat' dir='ltr'>pariterque</span> <span class='ocrx_word' id='word_1_58' title='bbox 953 1365 1084 1456; x_wconf 82' lang='lat' dir='ltr'>epulata</span> <span class='ocrx_word' id='word_1_59' title='bbox 1105 1370 1231 1435; x_wconf 88' lang='lat' dir='ltr'>marito.</span> 
     </span>
    </p>
   </div>
   <div class='ocr_carea' id='block_1_4' title="bbox 318 1481 1368 3972">
    <p class='ocr_par' dir='ltr' id='par_1_5' title="bbox 318 1481 1364 3851">
     <span class='ocr_line' id='line_1_10' title="bbox 318 1481 1132 1579; baseline 0.002 -26"><span class='ocrx_word' id='word_1_60' title='bbox 318 1484 393 1553; x_wconf 75' lang='lat' dir='ltr'>Nec</span> <span class='ocrx_word' id='word_1_61' title='bbox 412 1509 471 1551; x_wconf 88' lang='lat' dir='ltr'>vos</span> <span class='ocrx_word' id='word_1_62' title='bbox 490 1485 645 1550; x_wconf 91' lang='lat' dir='ltr'>immunis</span> <span class='ocrx_word' id='word_1_63' title='bbox 666 1481 846 1567; x_wconf 89' lang='lat' dir='ltr'>scelerum,</span> <span class='ocrx_word' id='word_1_64' title='bbox 866 1507 1022 1551; x_wconf 90' lang='lat' dir='ltr'>securave</span> <span class='ocrx_word' id='word_1_65' title='bbox 1039 1511 1132 1579; x_wconf 88' lang='lat' dir='ltr'>cogo.</span> 
     </span>
     <span class='ocr_line' id='line_1_11' title="bbox 322 1600 1301 1692; baseline 0.005 -20"><span class='ocrx_word' id='word_1_66' title='bbox 322 1602 424 1673; x_wconf 89' lang='lat' dir='ltr'>Plena</span> <span class='ocrx_word' id='word_1_67' title='bbox 442 1602 522 1669; x_wconf 93' lang='lat' dir='ltr'>mihi</span> <span class='ocrx_word' id='word_1_68' title='bbox 544 1600 680 1682; x_wconf 86' lang='lat' dir='ltr'>domus,</span> <span class='ocrx_word' id='word_1_69' title='bbox 698 1613 798 1691; x_wconf 81' lang='lat' dir='ltr'>atque</span> <span class='ocrx_word' id='word_1_70' title='bbox 816 1601 948 1692; x_wconf 86' lang='lat' dir='ltr'>ingens,</span> <span class='ocrx_word' id='word_1_71' title='bbox 968 1626 1009 1668; x_wconf 93' lang='lat' dir='ltr'>en</span> <span class='ocrx_word' id='word_1_72' title='bbox 1027 1608 1169 1692; x_wconf 87' lang='lat' dir='ltr'>cernite,</span> <span class='ocrx_word' id='word_1_73' title='bbox 1190 1605 1301 1677; x_wconf 89' lang='lat' dir='ltr'>sudor.</span> 
     </span>
     <span class='ocr_line' id='line_1_12' title="bbox 318 1688 1106 1813; baseline -0.004 -22"><span class='ocrx_word' id='word_1_74' title='bbox 318 1688 555 1813; x_wconf 45' lang='lat' dir='ltr'>lQuatuorbos</span> <span class='ocrx_word' id='word_1_75' title='bbox 574 1743 658 1806; x_wconf 92' lang='lat' dir='ltr'>una,</span> <span class='ocrx_word' id='word_1_76' title='bbox 677 1717 778 1787; x_wconf 89' lang='lat' dir='ltr'>decus</span> <span class='ocrx_word' id='word_1_77' title='bbox 797 1732 831 1787; x_wconf 88' lang='lat' dir='ltr'>et</span> <span class='ocrx_word' id='word_1_78' title='bbox 849 1715 966 1787; x_wconf 88' lang='lat' dir='ltr'>solatia</span> <span class='ocrx_word' id='word_1_79' title='bbox 986 1722 1106 1812; x_wconf 88' lang='lat' dir='ltr'>patris,</span> 
     </span>
     <span class='ocr_line' id='line_1_13' title="bbox 320 1825 1249 1937; baseline 0 -26"><span class='ocrx_word' id='word_1_80' title='bbox 320 1825 365 1911; x_wconf 88' lang='lat' dir='ltr'>ln</span> <span class='ocrx_word' id='word_1_81' title='bbox 384 1842 509 1936; x_wconf 92' lang='lat' dir='ltr'>gremio</span> <span class='ocrx_word' id='word_1_82' title='bbox 529 1837 629 1937; x_wconf 80' lang='lat' dir='ltr'>(linet</span> <span class='ocrx_word' id='word_1_83' title='bbox 646 1835 797 1930; x_wconf 83' lang='lat' dir='ltr'>amplexu</span> <span class='ocrx_word' id='word_1_84' title='bbox 818 1835 1035 1931; x_wconf 85' lang='lat' dir='ltr'>lacrymisque</span> <span class='ocrx_word' id='word_1_85' title='bbox 1054 1843 1249 1935; x_wconf 86' lang='lat' dir='ltr'>morentur)</span> 
     </span>
     <span class='ocr_line' id='line_1_14' title="bbox 324 1959 1251 2055; baseline 0.005 -24"><span class='ocrx_word' id='word_1_86' title='bbox 324 1959 561 2055; x_wconf 88' lang='lat' dir='ltr'>Transadigam</span> <span class='ocrx_word' id='word_1_87' title='bbox 580 1959 687 2044; x_wconf 82' lang='lat' dir='ltr'>ferro,</span> <span class='ocrx_word' id='word_1_88' title='bbox 706 1961 896 2055; x_wconf 88' lang='lat' dir='ltr'>saniemque</span> <span class='ocrx_word' id='word_1_89' title='bbox 920 1977 954 2032; x_wconf 83' lang='lat' dir='ltr'>et</span> <span class='ocrx_word' id='word_1_90' title='bbox 969 1963 1093 2035; x_wconf 89' lang='lat' dir='ltr'>viscera</span> <span class='ocrx_word' id='word_1_91' title='bbox 1110 1961 1251 2036; x_wconf 75' lang='lat' dir='ltr'>fratrum</span> 
     </span>
     <span class='ocr_line' id='line_1_15' title="bbox 324 2065 1194 2179; baseline -0.001 -26"><span class='ocrx_word' id='word_1_92' title='bbox 324 2065 490 2168; x_wconf 75' lang='lat' dir='ltr'>Miscebo,</span> <span class='ocrx_word' id='word_1_93' title='bbox 512 2095 706 2179; x_wconf 86' lang='lat' dir='ltr'>patremque</span> <span class='ocrx_word' id='word_1_94' title='bbox 726 2107 825 2177; x_wconf 90' lang='lat' dir='ltr'>super</span> <span class='ocrx_word' id='word_1_95' title='bbox 844 2083 1047 2176; x_wconf 85' lang='lat' dir='ltr'>spirantibus</span> <span class='ocrx_word' id='word_1_96' title='bbox 1064 2082 1194 2152; x_wconf 88' lang='lat' dir='ltr'>addam.</span> 
     </span>
     <span class='ocr_line' id='line_1_16' title="bbox 326 2202 1293 2298; baseline -0.002 -26"><span class='ocrx_word' id='word_1_97' title='bbox 326 2207 440 2295; x_wconf 91' lang='lat' dir='ltr'>Ecqua</span> <span class='ocrx_word' id='word_1_98' title='bbox 460 2205 563 2271; x_wconf 84' lang='lat' dir='ltr'>totin</span> <span class='ocrx_word' id='word_1_99' title='bbox 584 2203 686 2272; x_wconf 88' lang='lat' dir='ltr'>caedes</span> <span class='ocrx_word' id='word_1_100' title='bbox 706 2206 852 2271; x_wconf 89' lang='lat' dir='ltr'>animum</span> <span class='ocrx_word' id='word_1_101' title='bbox 875 2202 1150 2294; x_wconf 67' lang='lat' dir='ltr'>promittitis-7</span> <span class='ocrx_word' id='word_1_102' title='bbox 1168 2203 1293 2298; x_wconf 82' lang='lat' dir='ltr'>Agebat</span> 
     </span>
     <span class='ocr_line' id='line_1_17' title="bbox 325 2321 1152 2414; baseline 0 -22"><span class='ocrx_word' id='word_1_103' title='bbox 325 2321 481 2392; x_wconf 84' lang='lat' dir='ltr'>Pluribus</span> <span class='ocrx_word' id='word_1_104' title='bbox 503 2347 510 2388; x_wconf 92' lang='lat'>:</span> <span class='ocrx_word' id='word_1_105' title='bbox 533 2321 671 2389; x_wconf 91' lang='lat' dir='ltr'>adverso</span> <span class='ocrx_word' id='word_1_106' title='bbox 691 2322 863 2389; x_wconf 90' lang='lat' dir='ltr'>nituerunt</span> <span class='ocrx_word' id='word_1_107' title='bbox 883 2322 956 2389; x_wconf 86' lang='lat' dir='ltr'>vela</span> <span class='ocrx_word' id='word_1_108' title='bbox 975 2321 1152 2414; x_wconf 89' lang='lat' dir='ltr'>profundo.</span> 
     </span>
     <span class='ocr_line' id='line_1_18' title="bbox 327 2437 1118 2532; baseline -0.001 -23"><span class='ocrx_word' id='word_1_109' title='bbox 327 2441 463 2510; x_wconf 88' lang='lat' dir='ltr'>Lemnia</span> <span class='ocrx_word' id='word_1_110' title='bbox 482 2437 592 2507; x_wconf 89' lang='lat' dir='ltr'>classis</span> <span class='ocrx_word' id='word_1_111' title='bbox 612 2452 684 2505; x_wconf 90' lang='lat' dir='ltr'>erat</span> <span class='ocrx_word' id='word_1_112' title='bbox 705 2464 713 2505; x_wconf 75' lang='grc' dir='ltr'><strong><em>ε</em></strong></span> <span class='ocrx_word' id='word_1_113' title='bbox 735 2441 846 2530; x_wconf 89' lang='lat' dir='ltr'>rapuit</span> <span class='ocrx_word' id='word_1_114' title='bbox 864 2440 976 2531; x_wconf 86' lang='lat' dir='ltr'>gavisa</span> <span class='ocrx_word' id='word_1_115' title='bbox 993 2439 1118 2532; x_wconf 79' lang='lat' dir='ltr'>Polyxo</span> 
     </span>
     <span class='ocr_line' id='line_1_19' title="bbox 328 2557 1364 2650; baseline -0.002 -20"><span class='ocrx_word' id='word_1_116' title='bbox 328 2566 524 2643; x_wconf 88' lang='lat' dir='ltr'>Fortunam,</span> <span class='ocrx_word' id='word_1_117' title='bbox 538 2572 635 2650; x_wconf 89' lang='lat' dir='ltr'>atque</span> <span class='ocrx_word' id='word_1_118' title='bbox 653 2557 751 2626; x_wconf 85' lang='lat' dir='ltr'>iterat</span> <span class='ocrx_word' id='word_1_119' title='bbox 768 2558 1050 2650; x_wconf 75' lang='lat' dir='ltr'>2-«Superisne</span> <span class='ocrx_word' id='word_1_120' title='bbox 1064 2562 1260 2629; x_wconf 86' lang='lat' dir='ltr'>vocantibus</span> <span class='ocrx_word' id='word_1_121' title='bbox 1277 2560 1364 2628; x_wconf 87' lang='lat' dir='ltr'>ultro</span> 
     </span>
     <span class='ocr_line' id='line_1_20' title="bbox 325 2675 1293 2775; baseline -0.002 -27"><span class='ocrx_word' id='word_1_122' title='bbox 325 2677 514 2775; x_wconf 78' lang='lat' dir='ltr'>Desumus?</span> <span class='ocrx_word' id='word_1_123' title='bbox 533 2701 609 2747; x_wconf 85' lang='lat' dir='ltr'>ecce</span> <span class='ocrx_word' id='word_1_124' title='bbox 627 2691 732 2761; x_wconf 89' lang='lat' dir='ltr'>rates,</span> <span class='ocrx_word' id='word_1_125' title='bbox 750 2680 842 2746; x_wconf 87' lang='lat' dir='ltr'>Deus</span> <span class='ocrx_word' id='word_1_126' title='bbox 859 2676 938 2764; x_wconf 90' lang='lat' dir='ltr'>hos,</span> <span class='ocrx_word' id='word_1_127' title='bbox 958 2681 1049 2746; x_wconf 89' lang='lat' dir='ltr'>Deus</span> <span class='ocrx_word' id='word_1_128' title='bbox 1069 2675 1156 2745; x_wconf 93' lang='lat' dir='ltr'>ultor</span> <span class='ocrx_word' id='word_1_129' title='bbox 1174 2681 1208 2744; x_wconf 94' lang='lat' dir='ltr'>in</span> <span class='ocrx_word' id='word_1_130' title='bbox 1228 2681 1293 2746; x_wconf 91' lang='lat' dir='ltr'>iras</span> 
     </span>
     <span class='ocr_line' id='line_1_21' title="bbox 325 2780 1195 2894; baseline -0.006 -25"><span class='ocrx_word' id='word_1_131' title='bbox 325 2780 509 2894; x_wconf 62' lang='lat' dir='ltr'>⁸Apportat‚</span> <span class='ocrx_word' id='word_1_132' title='bbox 530 2799 709 2892; x_wconf 88' lang='lat' dir='ltr'>coeptisque</span> <span class='ocrx_word' id='word_1_133' title='bbox 731 2798 820 2868; x_wconf 86' lang='lat' dir='ltr'>favet</span> <span class='ocrx_word' id='word_1_134' title='bbox 839 2824 847 2866; x_wconf 73' lang='grc' dir='ltr'><strong>ι</strong></span> <span class='ocrx_word' id='word_1_135' title='bbox 868 2822 929 2867; x_wconf 90' lang='lat' dir='ltr'>nec</span> <span class='ocrx_word' id='word_1_136' title='bbox 947 2798 1056 2889; x_wconf 81' lang='lat' dir='ltr'>imago</span> <span class='ocrx_word' id='word_1_137' title='bbox 1076 2797 1195 2888; x_wconf 89' lang='lat' dir='ltr'>quietis</span> 
     </span>
     <span class='ocr_line' id='line_1_22' title="bbox 329 2918 1336 3023; baseline -0.011 -30"><span class='ocrx_word' id='word_1_138' title='bbox 329 2929 425 2994; x_wconf 84' lang='lat' dir='ltr'>Vana</span> <span class='ocrx_word' id='word_1_139' title='bbox 444 2948 521 2992; x_wconf 82' lang='lat' dir='ltr'>meae</span> <span class='ocrx_word' id='word_1_140' title='bbox 541 2949 549 2990; x_wconf 77' lang='grc' dir='ltr'><em>τ</em></span> <span class='ocrx_word' id='word_1_141' title='bbox 571 2922 661 2992; x_wconf 91' lang='lat' dir='ltr'>nudo</span> <span class='ocrx_word' id='word_1_142' title='bbox 683 2923 790 2992; x_wconf 88' lang='lat' dir='ltr'>stabat</span> <span class='ocrx_word' id='word_1_143' title='bbox 809 2927 922 2990; x_wconf 89' lang='lat' dir='ltr'>Venus</span> <span class='ocrx_word' id='word_1_144' title='bbox 940 2945 1034 3005; x_wconf 93' lang='lat' dir='ltr'>ense,</span> <span class='ocrx_word' id='word_1_145' title='bbox 1055 2918 1160 2986; x_wconf 91' lang='lat' dir='ltr'>videri</span> <span class='ocrx_word' id='word_1_146' title='bbox 1332 3015 1336 3023; x_wconf 91' lang='lat'><strong>.</strong></span> 
     </span>
     <span class='ocr_line' id='line_1_23' title="bbox 330 3029 1312 3135; baseline -0.003 -24"><span class='ocrx_word' id='word_1_147' title='bbox 330 3044 429 3113; x_wconf 89' lang='lat' dir='ltr'>Clara</span> <span class='ocrx_word' id='word_1_148' title='bbox 448 3044 546 3127; x_wconf 91' lang='lat' dir='ltr'>mibi,</span> <span class='ocrx_word' id='word_1_149' title='bbox 566 3029 764 3135; x_wconf 85' lang='lat' dir='ltr'>somnosque</span> <span class='ocrx_word' id='word_1_150' title='bbox 783 3066 891 3134; x_wconf 89' lang='lat' dir='ltr'>super.</span> <span class='ocrx_word' id='word_1_151' title='bbox 914 3039 1006 3127; x_wconf 88' lang='lat' dir='ltr'>Quid</span> <span class='ocrx_word' id='word_1_152' title='bbox 1026 3039 1163 3132; x_wconf 90' lang='lat' dir='ltr'>perditis</span> <span class='ocrx_word' id='word_1_153' title='bbox 1183 3041 1312 3108; x_wconf 73' lang='lat' dir='ltr'>aevum?</span> 
     </span>
     <span class='ocr_line' id='line_1_24' title="bbox 330 3160 1187 3257; baseline -0.005 -26"><span class='ocrx_word' id='word_1_154' title='bbox 330 3167 442 3255; x_wconf 90' lang='lat' dir='ltr'>Inquit</span> <span class='ocrx_word' id='word_1_155' title='bbox 464 3190 471 3232; x_wconf 93' lang='lat'><strong>:</strong></span> <span class='ocrx_word' id='word_1_156' title='bbox 493 3187 553 3257; x_wconf 88' lang='lat' dir='ltr'>age</span> <span class='ocrx_word' id='word_1_157' title='bbox 572 3164 694 3232; x_wconf 86' lang='lat' dir='ltr'>aversis</span> <span class='ocrx_word' id='word_1_158' title='bbox 715 3160 875 3229; x_wconf 88' lang='lat' dir='ltr'>thalamos</span> <span class='ocrx_word' id='word_1_159' title='bbox 894 3174 1032 3253; x_wconf 88' lang='lat' dir='ltr'>purgate</span> <span class='ocrx_word' id='word_1_160' title='bbox 1051 3161 1187 3227; x_wconf 85' lang='lat' dir='ltr'>maritis.</span> 
     </span>
     <span class='ocr_line' id='line_1_25' title="bbox 330 3277 1154 3375; baseline -0.002 -27"><span class='ocrx_word' id='word_1_161' title='bbox 330 3283 406 3373; x_wconf 90' lang='lat' dir='ltr'>Ipsa</span> <span class='ocrx_word' id='word_1_162' title='bbox 424 3281 510 3351; x_wconf 87' lang='lat' dir='ltr'>laces</span> <span class='ocrx_word' id='word_1_163' title='bbox 528 3280 626 3366; x_wconf 86' lang='lat' dir='ltr'>alias,</span> <span class='ocrx_word' id='word_1_164' title='bbox 647 3278 848 3372; x_wconf 87' lang='lat' dir='ltr'>melioraque</span> <span class='ocrx_word' id='word_1_165' title='bbox 866 3277 990 3347; x_wconf 81' lang='lat' dir='ltr'>foedera</span> <span class='ocrx_word' id='word_1_166' title='bbox 1005 3280 1154 3375; x_wconf 81' lang='lat' dir='ltr'>jungam.</span> 
     </span>
     <span class='ocr_line' id='line_1_26' title="bbox 329 3388 1282 3485; baseline -0.002 -17"><span class='ocrx_word' id='word_1_167' title='bbox 329 3395 450 3469; x_wconf 82' lang='lat' dir='ltr'>Dixit:</span> <span class='ocrx_word' id='word_1_168' title='bbox 473 3415 505 3467; x_wconf 90' lang='lat' dir='ltr'>et</span> <span class='ocrx_word' id='word_1_169' title='bbox 526 3402 589 3470; x_wconf 93' lang='lat' dir='ltr'>hoc</span> <span class='ocrx_word' id='word_1_170' title='bbox 608 3399 731 3469; x_wconf 85' lang='lat' dir='ltr'>serrum</span> <span class='ocrx_word' id='word_1_171' title='bbox 750 3400 877 3484; x_wconf 89' lang='lat' dir='ltr'>stratis,</span> <span class='ocrx_word' id='word_1_172' title='bbox 896 3388 979 3485; x_wconf 82' lang='lat' dir='ltr'>hoc,</span> <span class='ocrx_word' id='word_1_173' title='bbox 998 3397 1139 3483; x_wconf 82' lang='lat' dir='ltr'>credite,</span> <span class='ocrx_word' id='word_1_174' title='bbox 1161 3398 1282 3467; x_wconf 85' lang='lat' dir='ltr'>ferrum</span> 
     </span>
     <span class='ocr_line' id='line_1_27' title="bbox 331 3517 1266 3614; baseline -0.002 -27"><span class='ocrx_word' id='word_1_175' title='bbox 331 3521 520 3614; x_wconf 90' lang='lat' dir='ltr'>Imposuit:</span> <span class='ocrx_word' id='word_1_176' title='bbox 540 3520 621 3610; x_wconf 90' lang='lat' dir='ltr'>quin</span> <span class='ocrx_word' id='word_1_177' title='bbox 640 3543 661 3586; x_wconf 94' lang='grc' dir='ltr'>ο</span> <span class='ocrx_word' id='word_1_178' title='bbox 680 3520 824 3605; x_wconf 78' lang='lat' dir='ltr'>misera,</span> <span class='ocrx_word' id='word_1_179' title='bbox 844 3517 922 3587; x_wconf 94' lang='lat' dir='ltr'>dum</span> <span class='ocrx_word' id='word_1_180' title='bbox 944 3533 1072 3613; x_wconf 89' lang='lat' dir='ltr'>tempus</span> <span class='ocrx_word' id='word_1_181' title='bbox 1092 3521 1161 3612; x_wconf 90' lang='lat' dir='ltr'>agit</span> <span class='ocrx_word' id='word_1_182' title='bbox 1179 3543 1266 3604; x_wconf 91' lang='lat' dir='ltr'>rem,</span> 
     </span>
     <span class='ocr_line' id='line_1_28' title="bbox 331 3636 1251 3731; baseline -0.002 -22"><span class='ocrx_word' id='word_1_183' title='bbox 331 3638 501 3710; x_wconf 88' lang='lat' dir='ltr'>Consulite</span> <span class='ocrx_word' id='word_1_184' title='bbox 522 3665 529 3707; x_wconf 94' lang='lat'><strong>:</strong></span> <span class='ocrx_word' id='word_1_185' title='bbox 551 3663 592 3706; x_wconf 93' lang='lat' dir='ltr'>en</span> <span class='ocrx_word' id='word_1_186' title='bbox 613 3636 729 3706; x_wconf 92' lang='lat' dir='ltr'>validis</span> <span class='ocrx_word' id='word_1_187' title='bbox 747 3654 902 3731; x_wconf 85' lang='lat' dir='ltr'>spumant</span> <span class='ocrx_word' id='word_1_188' title='bbox 920 3641 1032 3708; x_wconf 85' lang='lat' dir='ltr'>eversa</span> <span class='ocrx_word' id='word_1_189' title='bbox 1051 3638 1181 3708; x_wconf 88' lang='lat' dir='ltr'>lacertis</span> <span class='ocrx_word' id='word_1_190' title='bbox 1247 3667 1251 3678; x_wconf 87' lang='lat'><strong>·</strong></span> 
     </span>
     <span class='ocr_line' id='line_1_29' title="bbox 332 3757 1204 3851; baseline -0.006 -24"><span class='ocrx_word' id='word_1_191' title='bbox 332 3763 476 3851; x_wconf 84' lang='lat' dir='ltr'>AEquora</span> <span class='ocrx_word' id='word_1_192' title='bbox 495 3785 503 3827; x_wconf 92' lang='lat'>:</span> <span class='ocrx_word' id='word_1_193' title='bbox 524 3757 707 3827; x_wconf 86' lang='lat' dir='ltr'>Bistonides</span> <span class='ocrx_word' id='word_1_194' title='bbox 726 3759 862 3827; x_wconf 85' lang='lat' dir='ltr'>veniunt</span> <span class='ocrx_word' id='word_1_195' title='bbox 880 3758 1017 3827; x_wconf 88' lang='lat' dir='ltr'>fortasse</span> <span class='ocrx_word' id='word_1_196' title='bbox 1038 3761 1173 3827; x_wconf 72' lang='lat' dir='ltr'>maritae.</span> <span class='ocrx_word' id='word_1_197' title='bbox 1187 3788 1204 3822; x_wconf 73' lang='lat' dir='ltr'>a</span> 
     </span>
    </p>

    <p class='ocr_par' dir='ltr' id='par_1_6' title="bbox 380 3875 1368 3972">
     <span class='ocr_line' id='line_1_30' title="bbox 380 3875 1368 3972; baseline 0.002 -32"><span class='ocrx_word' id='word_1_198' title='bbox 380 3879 495 3946; x_wconf 76' lang='lat' dir='ltr'>«Hinc</span> <span class='ocrx_word' id='word_1_199' title='bbox 513 3875 637 3946; x_wconf 88' lang='lat' dir='ltr'>stimuli</span> <span class='ocrx_word' id='word_1_200' title='bbox 656 3879 822 3971; x_wconf 87' lang='lat' dir='ltr'>ingentes,</span> <span class='ocrx_word' id='word_1_201' title='bbox 842 3903 1046 3972; x_wconf 88' lang='lat' dir='ltr'>magnusque</span> <span class='ocrx_word' id='word_1_202' title='bbox 1069 3878 1255 3947; x_wconf 87' lang='lat' dir='ltr'>advolvitur</span> <span class='ocrx_word' id='word_1_203' title='bbox 1273 3876 1368 3943; x_wconf 86' lang='lat' dir='ltr'>astris</span> 
     </span>
    </p>
   </div>
   <div class='ocr_carea' id='block_1_5' title="bbox 331 3980 1208 4097">
    <p class='ocr_par' dir='ltr' id='par_1_7' title="bbox 331 3980 1208 4097">
     <span class='ocr_line' id='line_1_31' title="bbox 331 3980 1208 4097; baseline -0.008 -23"><span class='ocrx_word' id='word_1_204' title='bbox 331 3980 465 4074; x_wconf 86' lang='lat' dir='ltr'>Clamor</span> <span class='ocrx_word' id='word_1_205' title='bbox 485 4028 492 4068; x_wconf 92' lang='lat'><strong>:</strong></span> <span class='ocrx_word' id='word_1_206' title='bbox 519 4003 695 4071; x_wconf 71' lang='lat' dir='ltr'>Amazonio</span> <span class='ocrx_word' id='word_1_207' title='bbox 715 4000 882 4097; x_wconf 81' lang='lat' dir='ltr'>Scythiam</span> <span class='ocrx_word' id='word_1_208' title='bbox 903 4000 1030 4069; x_wconf 88' lang='lat' dir='ltr'>fervere</span> <span class='ocrx_word' id='word_1_209' title='bbox 1049 3999 1208 4085; x_wconf 88' lang='lat' dir='ltr'>tumultu,</span> 
     </span>
    </p>
   </div>
   <div class='ocr_carea' id='block_1_6' title="bbox 0 0 1432 5258">
    <p class='ocr_par' dir='ltr' id='par_1_8' title="bbox 0 0 1432 5258">
     <span class='ocr_line' id='line_1_32' title="bbox 0 0 1432 5258; baseline 0 0"><span class='ocrx_word' id='word_1_210' title='bbox 0 0 1432 5258; x_wconf 95' lang='lat' dir='ltr'> </span> 
     </span>
    </p>
   </div>
  </div>
 </body>
</html>
