2812 5258
114 441 227 508 (mos.)
414 443 625 501 THRBMDOS
648 443 758 499 LIBER
780 445 828 499 lx.
1095 455 1150 520 ¹to

113 565 243 661 Tydeos
259 563 315 635 hic
334 571 444 663 magui
464 568 549 637 fidus
568 593 697 654 comes,
715 584 748 637 et
764 566 864 638 modo
883 567 1005 639 frustra

110 687 266 783 Armiger
284 714 292 755 :
310 686 473 782 alipedem
488 712 595 783 prona
612 690 738 758 cervice
754 688 886 757 tenebat

111 809 269 876 Fatorum
288 811 442 904 ignarum
461 809 606 897 domini,
626 808 799 909 solumque
814 809 1007 878 frementem

111 928 217 1014 Quod
244 946 352 1019 vacet,
374 932 475 1023 inque
496 931 582 998 acies
601 930 776 998 audentior
796 928 851 999 ille
872 928 1047 1024 pedestres.

89 1088 92 1095 ·
112 1049 209 1116 Hunc
227 1049 483 1144 adspernantem
500 1048 628 1118 tumido
648 1073 735 1118 nova
747 1049 894 1143 pondera
914 1065 1008 1144 tergo
1024 1082 1026 1086 ³

107 1164 236 1259 (Unam
255 1173 379 1265 quippe
401 1195 537 1238 manum
553 1168 687 1237 domitis
706 1184 861 1263 expertus
881 1170 923 1237 ab
942 1168 1057 1264 aunis)

111 1290 278 1383 Corripit,
299 1290 511 1383 affaturque:
528 1289 645 1377 «Quid
664 1313 685 1358 o
702 1313 787 1359 nova
803 1291 896 1383 jussa
915 1314 1063 1378 recusas,

112 1406 231 1475 Infelix
249 1408 405 1503 sonipes?
423 1434 586 1503 nusquam
606 1409 664 1477 tibi
683 1408 780 1480 dulce
800 1410 934 1505 superbi

112 1529 213 1620 Regis
232 1554 340 1598 onus:
360 1555 427 1598 non
442 1531 512 1623 jam
533 1529 643 1599 AEtolo
662 1531 822 1600 satiabere
841 1556 981 1625 campo,
1005 1620 1006 1623 Ἴ

113 1647 390 1745 Gaudentemquc
403 1650 520 1743 jubam
542 1676 602 1745 per
616 1666 732 1746 stagna
748 1649 907 1721 Acheloia
925 1648 1041 1720 solves.

111 1766 212 1853 Quod
232 1786 397 1863 superest,
420 1795 534 1858 caros,
555 1773 586 1857 i,
608 1770 722 1840 saltem
739 1769 896 1840 ulciscere
912 1794 1043 1858 manes,

111 1893 178 1956 Aut
192 1913 347 1980 sequore3
367 1907 534 1959 extorrem
550 1916 614 1959 neu
632 1905 668 1959 tu
686 1915 818 1985 quoque
836 1890 957 1960 laeseris
973 1890 1126 1959 umbram

113 2009 289 2100 Captivus,
307 2009 536 2103 tumidumque
553 2011 696 2103 equitem
718 2024 793 2103 post
808 2009 919 2104 Tydea
937 2024 1085 2102 portes.»

111 2125 270 2214 Audisse,
289 2153 528 2223 accensumque
541 2144 658 2224 putes:
674 2131 737 2198 hoc
757 2128 894 2197 fulmine
921 2143 1060 2222 raptum

109 2245 273 2335 Abstulit,
293 2263 326 2316 et
345 2248 467 2318 similes
487 2251 596 2318 minus
614 2250 812 2345 indignatur
820 2249 976 2318 habenas.

157 2368 299 2436 Semifer
316 2370 408 2437 aeria
429 2366 502 2438 talis
523 2373 711 2439 Centaurus
730 2370 772 2439 ab
791 2372 874 2440 Ossa

111 2486 228 2556 Desilit
248 2488 280 2555 in
299 2487 401 2557 valles
415 2515 423 2558 :
439 2490 549 2583 ipsum
566 2515 702 2560 nemora
717 2488 783 2560 alta
800 2493 1016 2578 tremiscunt,

110 2610 254 2700 Campus
273 2633 406 2701 equum.
424 2609 560 2704 Trepidi
576 2608 675 2680 cursu
694 2609 921 2704 glomerantur
940 2608 1058 2677 anhelo

111 2726 305 2796 Labdacidae
323 2755 330 2795 :
351 2730 473 2823 premit
492 2726 547 2796 ille
567 2753 681 2822 super,
703 2754 763 2797 uec
781 2730 946 2822 opinaque
963 2728 1051 2795 ferro

110 2844 203 2915 Colla
222 2863 347 2916 metens
364 2846 486 2941 linquit
504 2862 638 2917 truncos
656 2862 731 2942 post
750 2862 842 2942 terga
860 2846 1024 2915 cadentes.

158 2970 305 3036 Ventum
323 2983 394 3036 erat
410 2967 451 3035 ad
471 2966 609 3035 fluvium
627 2994 635 3035 ε
656 2965 752 3035 solito
771 2981 851 3035 tunc
866 2965 996 3061 plenior
1012 2963 1123 3056 alveo,

111 3088 214 3181 Signa
230 3086 329 3175 mali,
348 3112 469 3182 magna
485 3112 519 3156 se
537 3086 623 3155 mole
642 3090 790 3155 Ismenos
811 3085 939 3182 agebat.

110 3206 169 3276 Illa
188 3208 298 3276 brevis
316 3209 465 3300 requies;
484 3205 542 3277 illo
561 3207 675 3276 timida
694 3208 826 3301 agmina
844 3204 962 3275 lassam

109 3331 159 3396 De
174 3330 298 3423 campis
316 3353 412 3424 egere
430 3328 541 3424 fugam
563 3321 571 3397 .·'
591 3342 701 3423 stupet
712 3321 848 3421 ¹hospita
866 3325 943 3397 belli

109 3448 207 3517 Unda
225 3451 333 3536 viros,
355 3449 511 3545 claraque
531 3474 700 3519 armorum
719 3449 907 3519 incenditur
927 3449 1056 3519 umbra.

110 3565 269 3637 Insiluere
285 3570 379 3639 vadis
397 3597 405 3639 ε
425 3595 612 3666 magnoque
629 3569 760 3666 fragore
778 3559 906 3638 solutus

108 3691 231 3781 Agger,
246 3703 281 3757 et
297 3689 439 3761 adversae
457 3690 626 3762 latuerunt
643 3688 777 3786 pulvere
790 3693 881 3784 ripae.

108 3807 168 3876 Ille
187 3833 319 3902 quoque
337 3811 472 3882 hostiles
490 3813 575 3882 saltu
590 3815 715 3906 majore
728 3837 788 3906 per
805 3811 912 3881 undas

108 3928 213 3998 lrruit
229 3930 378 3997 attonitis
396 3931 553 4028 (longum
572 3932 737 4003 dimittere
754 3932 940 4031 habenas),

108 4049 199 4119 Sicut
217 4064 306 4128 erat.
327 4064 455 4122 tantum
474 4052 569 4122 viridi
589 4053 697 4123 defixa
716 4076 897 4149 parumper
