2812 5258
78 457 109 512 (v.
122 457 189 516 sus.)
389 456 597 510 THEBAIDOS
616 456 723 511 LIBER
744 457 779 510 11.

78 578 196 666 Qualis
213 581 246 646 in
265 579 416 646 adversos
432 580 590 671 Lapithas
608 583 710 647 erexit
727 580 855 646 inanem

76 699 310 790 Magnanimos
329 713 455 764 cratera
474 696 606 764 Pholus.
638 701 756 790 Stupet
772 698 868 765 obvia
884 697 949 765 leto

78 818 189 885 Turba
208 841 308 908 super
325 829 479 900 stantem,
500 831 598 907 atque
616 818 724 883 emissi
743 817 875 884 turbiue
896 816 1015 883 montis

80 937 260 1019 Obruitur;
280 933 377 1003 simul
396 931 455 1002 ora
474 936 598 1021 virum,
617 934 713 1002 simul
733 959 839 1018 arma,
859 958 1054 1025 manusque,

79 1060 260 1148 Fractaque
278 1056 457 1124 commixto
474 1054 629 1125 sederunt
646 1070 779 1148 pectora
799 1054 896 1122 ferro.

78 1176 231 1261 Quatuor
250 1176 304 1242 hic
321 1174 403 1241 adeo
420 1173 537 1266 dejecti
555 1172 641 1241 mole
659 1175 719 1241 sub
739 1198 805 1241 una

78 1298 304 1388 Congemuere
323 1319 331 1360 :
353 1293 430 1388 fuga
449 1292 673 1362 tremefactum
692 1295 844 1387 protinus
861 1318 979 1386 agmen

78 1415 253 1482 Excutitur
271 1415 384 1508 coeptis
403 1440 411 1482 ε
430 1416 640 1508 nequeenim
658 1413 834 1481 temnenda
849 1411 1001 1503 jacebant

78 1536 221 1617 Funera,
239 1532 416 1601 fulmineus
434 1534 588 1626 Dorylas,
606 1558 703 1625 quem
721 1533 852 1626 regibus
868 1531 985 1598 ardens

79 1653 238 1744 AEquabat
258 1655 378 1738 virtus,
397 1656 578 1746 Martisque
596 1679 614 1721 e
634 1657 755 1723 semine
775 1653 906 1722 Theron

79 1774 272 1864 Terrigenas
292 1772 434 1839 confisus
454 1798 531 1840 avos
548 1801 556 1839 ι
575 1799 635 1841 nec
655 1789 783 1843 vertere
801 1775 955 1864 cuiquam

80 1894 186 1958 Frena
203 1889 365 1957 secundus
380 1888 499 1982 Halys,
517 1891 574 1958 sed
592 1906 671 1961 tunc
689 1893 788 1985 pedes
802 1890 940 1959 occubat
957 1888 1058 1972 arvis,

80 2009 331 2100 Pentheumque
349 2009 479 2076 trahens
498 2009 646 2077 nondum
665 2025 696 2078 te
712 2010 896 2078 Phaedimus
915 2030 1024 2099 aequo,

22 2191 26 2197 .
78 2128 224 2212 Bacche,
244 2152 356 2220 genus.
372 2130 525 2215 Quorum
545 2143 582 2197 ut
601 2129 717 2196 subitis
738 2130 893 2195 exterrita
912 2126 986 2193 fatis

79 2249 232 2340 Agmina,
250 2247 416 2316 turbatam
437 2247 518 2315 vidit
539 2247 647 2316 laxare
666 2265 844 2333 catervam3

79 2370 162 2456 Quae
179 2366 245 2433 duo
262 2364 331 2434 sola
348 2391 447 2434 manu
464 2381 595 2461 gestans
611 2366 747 2435 acclinia
766 2369 874 2435 monti

78 2487 222 2570 Fuerat,
242 2487 409 2578 intorquet
426 2485 553 2578 jacula,
574 2502 606 2555 et
625 2487 824 2580 fugientibus
843 2485 943 2553 addit.

80 2608 159 2673 Mox
178 2605 211 2671 in
229 2602 327 2696 plana
346 2603 463 2691 libens,
480 2605 570 2673 nudo
592 2631 632 2673 ne
653 2620 783 2697 pectore
802 2603 866 2671 tela

79 2725 278 2812 Inciderent,
298 2723 383 2793 saltu
402 2750 544 2819 praeceps
561 2725 720 2812 defertur,
740 2738 772 2791 et
792 2723 920 2810 orbem,

80 2845 189 2930 Quem
206 2844 321 2936 procul
338 2868 493 2938 oppresso
511 2844 592 2911 vidit
606 2844 758 2913 Therone
774 2839 941 2925 volutum,

80 2964 264 3056 Corripuit,
283 2979 443 3057 tergoque
460 2977 494 3031 et
511 2964 630 3030 vertice
648 2963 790 3057 tegmine
811 2975 890 3030 noto

80 3086 212 3176 Septus,
231 3101 263 3154 et
280 3084 390 3155 hostili
410 3108 623 3178 propugnans
641 3097 773 3174 pectora
794 3105 923 3174 parma,

79 3207 234 3274 Constitit
253 3232 261 3273 ε
280 3208 356 3276 inde
375 3209 493 3275 iterum
511 3204 603 3272 densi
622 3202 846 3297 glomerantur
863 3203 895 3268 in
913 3225 1017 3269 unum

78 3324 252 3417 Ogygidae,
268 3325 464 3419 firmantque
481 3323 618 3420 gradum
640 3349 648 3390 z
670 3321 770 3390 trahit
787 3323 878 3390 ocius
895 3346 1006 3389 ensem

78 3443 263 3513 Bistonium
281 3444 425 3535 Tydeus,
445 3445 608 3515 Mavortia
629 3466 764 3511 munera
784 3442 893 3535 magni

80 3567 216 3633 OEneos
233 3589 241 3630 ε
260 3576 292 3630 et
307 3578 415 3656 partes
431 3567 554 3659 pariter
568 3564 689 3633 divisus
708 3564 741 3632 in
758 3588 871 3631 omnes

80 3690 149 3754 Hos
170 3685 253 3770 obit,
273 3697 371 3776 atque
390 3681 475 3772 illos,
490 3687 641 3781 ferroque
655 3687 808 3756 micantia
825 3686 889 3754 tela

80 3807 214 3874 Decutit
232 3829 240 3870 ε
259 3802 453 3897 impeditant
468 3829 620 3892 numero,
637 3832 735 3898 seque
752 3809 821 3899 ipsa
838 3807 979 3874 vicissim

80 3927 180 3991 Arma
196 3938 375 4016 premunt:
398 3947 457 3989 nec
473 3924 521 3990 vis
539 3926 708 3994 conatibus
724 3920 805 4009 ulla,
826 3925 882 3993 sed
904 3927 980 4018 ipsae

80 4045 119 4109 ln
139 4043 243 4110 socios
259 4066 370 4111 errare
387 4065 518 4129 manus,
539 4058 572 4111 et
590 4069 726 4136 corpora
743 4044 840 4111 turba
