2812 5258
322 437 378 491 3ου
687 432 982 493 aoNO'rarlorttts

364 551 481 603 Tantum
492 567 572 603 aasoe
578 546 707 623 pedem
719 567 820 601 manas
832 546 870 623 (v.
885 565 919 601 ar
927 538 964 623 ς)
978 572 992 595 ι
1001 548 1040 602 Ut
1055 546 1244 605 imitarentur
1260 548 1357 605 vitam
1369 570 1377 603 :

320 640 401 714 quasi
414 651 513 696 eontra
528 651 657 695 naturam
678 640 822 708 fecissent,
836 639 918 711 quod
937 638 1107 694 addidissent
1127 638 1178 695 aeri
1193 640 1351 713 spiritum.
1360 668 1373 691 ι

321 734 406 787 Lacr.
421 734 507 804 eujus
521 731 585 788 edd.
596 730 739 804 proferoe5
749 731 813 787 cod.
827 730 914 786 Paris.
923 730 999 804 pepi
1008 732 1099 785 Glosa.
1113 750 1121 783 t
1136 754 1150 779 ι
1161 733 1302 787 Tantum
1310 744 1375 789 atu·

322 824 445 879 duerunt
462 824 572 881 efficere
591 842 690 878 manus
708 820 855 876 artificum.
866 846 878 871 υ
891 824 965 877 Vera
978 821 1080 878 etenim
1093 821 1215 895 aliquot
1233 824 1375 881 codicum

322 917 405 971 lectio
420 916 550 989 proferre
556 937 567 984 ,·
582 936 608 971 v.
623 918 741 970 Maur.
756 915 793 969 ad
807 914 870 968 Silv.
879 954 889 979 ,
906 933 934 984 v,
954 916 985 979 3.
1003 916 1066 971 132.

364 1006 455 1077 Caput
474 1004 512 1081 (v.
531 1004 607 1084 aar).
624 1005 744 1060 Monstri
762 1007 797 1060 ab
812 1024 840 1061 se
856 1005 1009 1073 interfecti,
1029 1005 1145 1078 virginti
1159 1024 1234 1071 ora.
1253 1024 1285 1075 1,
1308 1006 1374 1081 598.

361 1098 544 1170 Solantarque
553 1099 679 1151 timorem
694 1096 730 1172 (v.
743 1095 819 1171 229).
833 1096 897 1152 Scil.
906 1115 1044 1151 novarum
1055 1096 1249 1167 nuptiarum,
1264 1108 1302 1153 ut
1313 1100 1374 1154 cla-

323 1187 381 1243 rius
392 1200 509 1261 apparet
521 1207 556 1243 ex
567 1189 722 1243 imitatione
732 1188 931 1259 Claudiani,de
943 1190 1039 1261 llaptu
1048 1189 1142 1254 Pron,
1156 1207 1207 1257 ιι,
1221 1189 1284 1245 322
1295 1210 1375 1265 sqq.:

428 1338 543 1403 Reginam
556 1348 619 1388 casta
629 1339 754 1388 cinxerant
765 1338 858 1402 agmine
872 1346 958 1387 matres

428 1421 522 1487 mysiae,
537 1432 666 1487 teneroque
675 1423 753 1471 levant
764 1437 872 1471 marone
883 1421 989 1478 umora,

430 1508 459 1553 Et
470 1520 564 1569 sparsos
575 1504 675 1567 religant
686 1504 776 1563 mnae,
791 1513 815 1553 et
825 1502 928 1551 vultibus
942 1500 1033 1550 addant

429 1589 558 1647 Flammea,
571 1587 696 1636 sollicitum
709 1587 862 1653 protelatum
872 1585 996 1652 pudorem.

365 1740 539 1803 Aracynthus
548 1736 586 1815 (v.
597 1736 674 1813 239).
684 1742 768 1794 Mons
777 1740 889 1807 Atticae,
899 1743 1012 1793 Aceoeus
1020 1736 1153 1811 Virgilio,
1166 1739 1253 1807 rtet,
1263 1758 1300 1811 rt,
1311 1750 1356 1809 ak.

368 1832 460 1884 Velim
472 1827 509 1906 (v.
525 1828 602 1906 aaa).
623 1834 679 1885 Pro
698 1831 721 1886 si
734 1832 829 1886 velint.

366 1924 502 1977 Fubnmis
516 1925 634 1977 extremi
643 1925 748 1978 cineres
762 1922 799 1999 (v.
815 1920 891 2000 279).
902 1923 1016 1995 Optime
1029 1922 1245 1997 Wesselingius
1258 1924 1290 1980 in
1302 1926 1372 1981 Pro-

328 2014 423 2081 tabit,
442 2034 466 2069 c.
483 2015 535 2083 31,
549 2034 577 2087 p.
598 2034 653 2084 277
668 2034 745 2088 sqq,
764 2014 884 2070 restituit
899 2016 1001 2081 coires,
1017 2025 1046 2069 et
1059 2014 1186 2087 pulchre
1201 2016 1335 2089 explicat.

368 2107 530 2161 Cadmum..
546 2106 690 2175 jacentem
711 2105 749 2183 (v.
765 2104 842 2182 289).
864 2108 897 2161 ln
915 2117 1017 2161 terram
1037 2105 1230 2179 depressum,
1244 2106 1369 2181 quanin

328 2209 488 2271 serpentem
506 2209 629 2252 mutatus
642 2209 721 2253 esset.

369 2292 436 2345 Post
449 2292 558 2363 longior
576 2292 643 2343 onio
662 2288 698 2366 (v.
715 2288 791 2364 296).
809 2290 891 2345 «Nisi
911 2289 984 2344 forte
1003 2286 1123 2361 respicit
1146 2288 1185 2345 ad
1207 2290 1366 2365 Antigonen

329 2393 357 2437 et
373 2384 516 2449 Ismenen,
531 2401 596 2437 sanc
609 2401 673 2436 cum
687 2383 801 2437 Barthio
818 2393 904 2454 poeta
921 2379 1012 2435 nimiae
1024 2390 1066 2435 eat
1078 2382 1276 2453 properantia
1287 2398 1362 2437 acru-

329 2472 440 2528 sandus
450 2494 465 2521 n
479 2473 601 2527 Wrara.
619 2474 769 2529 Accusatio
783 2474 819 2528 ab
833 2471 977 2529 Thebaide
991 2469 1091 2526 aliena.
1111 2472 1202 2529 Mer
1216 2472 1254 2529 ad
1264 2488 1335 2543 seqq.
1349 2488 1357 2522 ε

329 2589 342 2615 «
353 2562 592 2641 Post(locastam)
606 2564 718 2638 longior
732 2564 804 2619 ordo
820 2584 826 2617 :
842 2583 927 2618 unam
941 2566 1044 2619 «Tunc
1051 2560 1106 2638 (ita
1119 2558 1362 2637 legcmflandii

330 2655 426 2733 codd.)
444 2657 526 2712 donis
546 2657 631 2731 Argia
651 2656 721 2713 nitet
735 2676 765 2710 z»
789 2675 911 2729 quarum
930 2654 1097 2728 nuptiarum
1120 2654 1189 2711 mala
1206 2654 1301 2729 ipsum
1317 2672 1364 2709 ar·

330 2760 495 2822 gumentum
511 2749 676 2803 Thebaidos.

370 2844 534 2915 Fractaeqae
548 2844 576 2895 in
581 2854 701 2915 pectom
710 2843 783 2895 vires
796 2836 834 2915 (v.
844 2836 921 2915 3²7)·
928 2841 1072 2893 Postrema
1084 2856 1147 2895 vox
1160 2838 1192 2895 in
1204 2840 1364 2907 rmum,

331 2948 347 2983 a
364 2942 434 3003 optt.
449 2934 538 2988 Gron.
553 2944 729 3005 estquemus,
743 2932 823 3005 quod
832 2949 928 2985 verum
938 2948 996 2984 csse
1009 2930 1121 2985 collatis
1128 2930 1228 3005 virg„
1241 2930 1363 2995 diarii,

332 3041 393 3092 xu,
412 3032 464 3091 104
484 3044 542 3098 sq.,
562 3036 590 3079 et
603 3028 721 3093 Lucam,
738 3044 780 3093 11,
794 3023 865 3091 603,
882 3041 948 3077 cum
964 3024 1052 3077 Gron.
1067 3031 1097 3076 et
1111 3022 1210 3077 Barth.
1223 3020 1363 3097 judicabis

372 3115 468 3169 lt'isum
482 3115 519 3191 (v.
536 3114 612 3192 382).
627 3141 639 3165 a
650 3118 794 3189 Megaram
803 3114 883 3183 dicit,
893 3112 988 3187 inqua
997 3110 1130 3187 regnavit
1141 3114 1241 3171 Nisus.
1251 3114 1364 3186 Quidam

331 3203 428 3259 Nisum
444 3218 569 3262 montem
586 3206 794 3281 Megarensium
810 3205 921 3273 dicunt,
934 3204 964 3258 in
982 3202 1145 3277 quonism
1158 3214 1202 3261 ert
1214 3206 1365 3281 sepultus.-

330 3296 414 3349 LACT.
430 3297 569 3351 Nimirum
586 3309 662 3359 Nicen
675 3308 752 3375 λόφον,
768 3297 819 3370 qui
831 3308 917 3352 notus
934 3314 968 3350 ΕΣ
985 3294 1120 3351 Pindaro-

373 3388 475 3439 Fosror
485 3386 522 3462 (v.
538 3388 616 3465 419).
630 3390 839 3459 CuniculariuS,
848 3389 898 3464 qui
912 3386 1059 3443 cuniculos
1071 3386 1101 3441 in
1111 3386 1220 3444 urbem
1234 3390 1366 3447 obsum

334 3477 400 3549 agit.

372 3568 503 3622 Nondum
512 3588 595 3642 (equa
602 3573 664 3636 talc,
674 3573 736 3625 vice
742 3568 779 3647 (v.
789 3568 864 3647 427).
875 3569 1024 3625 Edendum
1033 3579 1093 3625 erat
1102 3588 1120 3625 e
1128 3570 1245 3629 Barthii
1253 3572 1367 3649 optimo:

332 3661 489 3714 «Nondum
508 3674 622 3735 (equata
636 3663 705 3717 vice.
719 3689 730 3711 ι
745 3664 791 3719 Ad
804 3682 883 3737 seqq.
901 3660 1109 3735 reputandum,
1126 3664 1283 3723 Eteoclen
1296 3664 1369 3723 fuirtt

332 3750 404 3807 inter
421 3755 527 3828 OEdipi
545 3754 617 3810 filios
631 3768 700 3811 natu
713 3759 857 3829 majorem.

371 3847 523 3901 Assaevere
536 3846 608 3920 jugo
630 3844 668 3923 (v.
690 3849 765 3926 443).
789 3850 921 3923 Optimus
939 3845 1045 3902 Barthii
1059 3866 1067 3901 t
1082 3848 1148 3903 Hoc
1165 3850 1371 3927 amrejtgo·

333 3935 410 4008 quod
428 3950 503 3994 certe
518 3958 577 3993 non
595 3959 712 4012 anceps,
733 3952 764 3995 ut
776 3942 851 4013 vulg.

377 4029 639 4101 Vouqaesremcmi
650 4030 687 4109 (v.
704 4030 779 4106 509).
794 4031 840 4086 Sic
854 4031 935 4087 Mss.
949 4028 1109 4103 aliquot5i.
1126 4048 1154 4087 e.
1169 4032 1301 4093 fremens
1312 4035 1376 4091 inter
