2812 5258
186 424 234 497 ιη’
378 425 431 480 DF.
448 426 478 480 P.
497 425 527 480 Ρ.
545 422 679 481 sumo
699 424 865 480 NOTITIA.
887 423 1030 480 unua.

186 557 256 596 rem.
276 539 420 612 Reputans
441 538 528 614 igitur
547 539 603 616 legi
617 557 677 595 non
697 539 787 594 solere
802 537 924 594 Statium
936 537 989 593 nisi
1011 537 1049 593 ab
1069 535 1102 594 iis
1119 538 1169 612 qni
1188 549 1217 593 et

186 631 288 705 linguae
300 628 407 700 latinae,
421 640 449 686 et
462 630 678 705 antiquitatum,
692 639 720 686 et
730 629 912 706 mythologice
925 629 1018 702 probe
1025 640 1117 687 essem
1125 630 1217 686 scien-

187 732 229 778 tes
242 720 465 795 eruditionisque
485 722 603 778 classica
619 721 780 778 rudimenta
799 720 970 795 posuissent,
985 739 1018 777 ea
1037 722 1216 778 solummodo

187 814 232 870 vel
252 813 372 869 aliorum
392 812 487 869 verbis
506 815 551 869 vel
571 813 640 869 meis
661 813 802 887 explicare
825 812 942 882 studui,
959 811 990 866 in
1011 813 1114 886 quihus
1133 813 1217 869 etiam

187 904 394 961 exercitatiores
407 914 522 978 possent
539 904 692 960 offendere.
707 907 772 977 Qua
785 902 932 960 occasione
942 903 1118 960 Lactantium
1133 905 1216 991 schof

187 995 295 1052 liastam
320 1013 393 1068 saepe
418 996 519 1052 tacitus
547 996 693 1077 emendavi
716 1015 731 1052 e
765 995 850 1051 codd.
883 994 1020 1050 Parisinis.
1048 996 1217 1053 Criticarum

187 1106 256 1144 vero
276 1097 409 1142 notarum
426 1106 480 1161 pro
502 1088 699 1144 recensionum
721 1106 784 1161 que
806 1086 975 1143 exhihentur
996 1087 1155 1144 diversitate
1169 1089 1216 1144 di-

188 1197 266 1235 versa
288 1177 412 1235 ineunda
430 1178 485 1234 fuit
501 1178 583 1234 ratio.
599 1178 688 1235 Silvas
701 1178 902 1245 Marklandus,
923 1188 956 1233 ut
977 1189 1101 1251 constat,
1119 1181 1216 1254 paullo

188 1269 321 1326 audacius
342 1267 480 1340 refinxit,
499 1287 602 1344 magna
622 1287 721 1325 earum
739 1269 923 1343 corruptione
944 1280 973 1326 et
992 1269 1143 1341 codicum,
1165 1272 1217 1346 qni

188 1360 303 1434 insuper
322 1378 358 1415 ex
378 1379 436 1416 una
456 1375 553 1416 omnes
572 1360 676 1416 familia
699 1360 892 1434 proveniunt,
910 1360 1052 1434 paucitate
1076 1372 1169 1418 motus
1189 1374 1217 1419 et

188 1462 335 1509 uenatus
356 1471 363 1508 ε
387 1451 468 1524 cujus
486 1451 656 1508 mutationes
674 1451 698 1508 si
718 1470 864 1509 recensere
888 1453 1038 1509 voluissem
1058 1471 1171 1525 omnes,
1189 1466 1218 1510 et

189 1562 284 1600 earum
303 1561 400 1599 causas
418 1543 573 1617 praecipuas
590 1543 737 1614 indicare,
761 1543 802 1599 dii
817 1543 907 1613 boni,
927 1546 1010 1617 quale
1032 1555 1061 1601 et
1079 1555 1217 1618 quantum

188 1653 336 1690 evasurum
357 1644 417 1690 erat
436 1635 492 1689 hoc
511 1636 657 1690 volumen!
680 1637 715 1690 ln
734 1634 767 1690 iis
784 1635 871 1710 igitur
888 1635 1056 1691 annotandis
1072 1654 1118 1692 me
1136 1620 1217 1692 ¹con-

189 1725 304 1780 tinerem
318 1725 486 1798 oportebat,
506 1744 569 1799 qua
582 1727 720 1800 legentem
738 1726 798 1780 hac
817 1726 939 1781 carmina
960 1737 1093 1800 poterant
1113 1728 1217 1782 morari

189 1819 233 1873 vel
251 1817 376 1872 turbare.
390 1815 550 1873 Thebaidos
572 1826 666 1872 autem
688 1827 717 1872 et
735 1817 906 1873 Achilleidos
925 1819 1130 1888 recensionem,
1154 1837 1219 1892 que

190 1910 233 1965 vel
247 1908 407 1963 Barthianis
422 1908 555 1964 subsidiis
568 1909 737 1965 conveniens
751 1919 779 1964 et
793 1909 879 1986 digna
893 1920 976 1981 esset,
992 1930 1077 1967 nemo
1091 1911 1128 1967 ad
1143 1911 1219 1966 hunc

189 2000 263 2056 diem
276 2000 350 2074 typis
365 2000 577 2057 exscribendam
592 2001 709 2057 tradidit
723 2021 730 2056 ε
746 2020 833 2077 quare
846 2022 906 2058 non
919 2004 1040 2060 alienum
1050 2023 1107 2060 esse
1119 2004 1219 2077 putavi

188 2091 226 2147 ab
243 2090 429 2148 honestissimi
450 2091 558 2148 librarii
581 2092 727 2163 instituto,
745 2105 778 2148 nt
793 2094 823 2149 in
837 2113 936 2151 eorum
954 2095 1148 2167 commodum,
1167 2096 1219 2170 qui

190 2183 338 2240 Bartbiana
354 2183 473 2257 aliisque
486 2182 659 2240 editionibus
679 2194 708 2240 et
721 2186 831 2260 scriptis
845 2187 947 2241 criticis
960 2196 1101 2254 carerent,
1115 2188 1161 2241 vel
1175 2187 1221 2244 usi

190 2276 317 2332 nondum
330 2284 436 2345 essent,
451 2276 606 2349 specimina
618 2278 722 2332 horum
735 2275 890 2331 carminum
903 2293 919 2329 e
932 2275 1077 2330 codicibus
1093 2287 1121 2330 et
1134 2276 1221 2352 inge-

190 2367 238 2424 nio
256 2367 497 2424 emendandorum
522 2385 625 2442 magno
645 2384 763 2421 numero
783 2383 982 2438 proponerem.
1004 2367 1160 2422 Praesertim
1184 2389 1221 2426 ex

190 2460 299 2534 optimo
325 2459 374 2514 illo
405 2469 434 2514 et
454 2458 540 2514 unico
570 2457 668 2513 codice
689 2456 798 2511 Barthii
821 2459 1068 2514 commemoranda
1092 2459 1221 2531 judicavi

190 2552 420 2626 quamplurima,
438 2549 545 2624 quippe
557 2549 669 2605 veritati
676 2550 844 2623 plerumque
858 2547 961 2605 affinia.
976 2552 1076 2624 Neque
1093 2553 1220 2627 neglecta

191 2652 255 2700 sunt
267 2643 441 2698 Hermionam
446 2681 456 2708 ,
471 2641 646 2714 Wakefieldi
658 2641 836 2714 aliorumque
849 2641 1011 2698 criticorum
1026 2642 1142 2716 scripta,
1156 2660 1220 2717 qu:

191 2734 220 2790 in
232 2734 352 2791 Statium
365 2733 576 2790 ohservationes
588 2731 735 2787 continent
748 2752 754 2787 :
773 2733 823 2788 sed
835 2752 925 2807 usque
938 2734 1021 2789 velim
1034 2745 1160 2808 reputes,
1174 2754 1220 2790 me

191 2825 341 2900 specimina
358 2836 481 2894 tantum,
496 2823 713 2892 emendationis,
733 2842 795 2879 nou
812 2824 1005 2881 recensionem
1029 2836 1121 2899 poetae
1138 2826 1220 2880 exhi-

190 2931 258 2988 bere
277 2929 412 3000 voluisse,
428 2940 457 2986 et
470 2930 599 2985 consulto
614 2928 739 2985 omisisse
754 2931 842 2985 multa
856 2948 918 3003 qua
932 2929 1139 3002 probabilitatis
1152 2949 1221 3004 spe·

191 3022 261 3078 ciem
278 3040 338 3076 non
350 3020 494 3087 haberept.
509 3022 593 3091 Vale,
606 3021 744 3077 benevole
757 3023 856 3090 lector,
870 3029 899 3074 et
916 3019 983 3074 huic
998 3019 1142 3094 quidquid
1154 3023 1221 3077 Sta-

192 3113 233 3169 tio
253 3113 377 3188 impendi
390 3130 482 3186 operae
502 3111 572 3167 lave.

791 3227 973 3282 Farnssscus
993 3228 1158 3284 DUBNER.
