2812 5258
321 443 373 500 136
664 445 693 497 P.
715 440 834 496 PUBLII
855 438 974 494 STATII
1239 443 1270 498 (v.
1284 438 1337 496 50.)

319 571 536 651 Autumnum,
553 579 586 633 et
598 566 681 632 caris
699 564 819 656 gaudet
834 562 982 628 redimita
998 562 1142 627 racemis.

365 682 555 752 Laudentur
576 682 720 773 proavis,
740 704 796 748 seu
811 678 960 771 ‚pulchrae
979 701 1114 745 munere
1133 676 1260 762 formae,

319 802 402 887 Quae
420 824 549 867 morum
567 822 700 867 caruere
719 799 827 885 bonis,
848 795 991 888 falsaque
1011 809 1161 888 potentes

320 917 441 983 Laudis
460 930 556 1009 egent
571 941 655 984 verae
671 942 679 982 τ
696 916 771 1004 tibi,
789 938 975 1008 quanquam
991 927 1024 980 et
1039 915 1132 1006 origo
1150 915 1268 981 niteret

322 1037 365 1101 Et
382 1033 459 1101 felix
478 1035 615 1126 species,
635 1032 839 1126 multumque
858 1032 1002 1126 optanda
1021 1033 1159 1119 maritis,

321 1154 369 1218 Ex
392 1166 423 1219 te
443 1153 547 1243 major
566 1152 686 1237 honos,
706 1175 809 1218 unum
829 1152 956 1218 novisse
976 1147 1097 1234 cubile,

321 1272 434 1337 Unum
454 1271 585 1337 seeretis
602 1272 724 1362 agitare
743 1270 802 1336 sub
822 1268 947 1336 ossibus
966 1269 1084 1360 ignem.

323 1384 421 1454 Illum
441 1411 502 1454 nec
520 1386 681 1480 Phrygius
699 1387 845 1454 vitiasset
863 1401 974 1479 raptor
993 1410 1153 1472 amorem,

323 1502 508 1572 Dulichiive
524 1507 632 1597 proci;
649 1528 709 1573 nec
726 1506 782 1597 qui
799 1505 960 1572 fraternus
978 1503 1105 1572 adulter

324 1625 420 1689 Casta
434 1626 600 1713 Mycenaeo
616 1623 780 1690 connubia
795 1621 914 1716 polluit
930 1647 1019 1690 auro.

323 1741 357 1806 Si
372 1736 545 1831 Babylonis
561 1764 655 1831 opes,
672 1739 770 1832 Lydae
785 1741 812 1807 si
829 1739 974 1833 pondera
991 1764 1092 1833 gazae,

324 1856 548 1948 Indorumque
564 1858 657 1925 dares
672 1860 851 1950 Serumque
866 1859 1074 1950 Arabumque
1090 1852 1237 1951 potentes

324 1975 479 2058 Divitias,
499 1973 611 2044 mallet
628 2000 703 2044 cum
719 1991 909 2070 paupertate
925 1976 1045 2069 pudica

323 2094 522 2161 intemerata
541 2094 638 2183 mori,
658 2096 823 2188 vitamque
842 2094 1019 2188 rependere
1038 2095 1140 2162 famae.

325 2210 393 2278 Nec
409 2212 499 2280 frons
515 2214 606 2281 triste
621 2215 744 2307 rigens,
760 2215 944 2305 nimiusque
958 2215 992 2280 in
1005 2211 1149 2279 moribus
1162 2212 1297 2295 horror,

326 2328 391 2396 Sed
410 2328 562 2421 simplex,
581 2328 757 2423 hilarisque
776 2330 870 2418 fides,
888 2346 920 2398 et
938 2330 1039 2397 mixta
1056 2329 1174 2421 pudori

326 2447 441 2515 Gratia
462 2471 470 2512 :
491 2446 579 2538 quod
599 2449 625 2513 si
645 2472 764 2540 anceps
784 2461 889 2515 metus
909 2446 949 2515 ad
969 2448 1092 2539 majora
1111 2460 1273 2533 vocasset,

326 2562 386 2630 Illa
401 2561 451 2631 vel
471 2564 638 2632 armiferas
655 2589 715 2656 pro
730 2564 868 2657 conjuge
884 2562 955 2632 laeta
973 2581 1133 2653 catervas,
1188 2614 1195 2628 .

325 2680 574 2774 Fulmineosque
590 2683 695 2776 ignes,
711 2681 874 2774 mediique
891 2681 1035 2776 pericula
1051 2685 1159 2776 ponti,

325 2802 524 2892 Exciperet:
543 2799 673 2888 melius,
689 2800 779 2893 quod
795 2826 861 2869 non
880 2800 1014 2870 adversa
1034 2802 1231 2895 probarunt,

223 2911 226 2915 ³
327 2921 411 3006 Quae
427 2919 484 2987 tibi
500 2921 672 3006 curatori,
688 2934 830 3012 quantus
848 2945 908 3012 pro
926 2920 1066 3013 conjuge
1082 2918 1197 3012 pallor.

325 3035 389 3103 Sed
409 3034 542 3104 meliore
563 3038 615 3104 via
635 3037 763 3106 dextros
782 3053 839 3105 tua
855 3053 931 3106 vota
945 3041 1063 3106 niarito

326 3154 536 3223 Promeruere
555 3157 658 3239 Deos;
676 3153 754 3222 dum
774 3172 868 3224 nocte
885 3156 1002 3249 dieque
1020 3157 1135 3248 fatigas

325 3271 485 3357 Numina,
507 3273 583 3340 dum
604 3275 729 3342 cunctis
749 3272 885 3367 supplex
905 3272 1088 3341 advolveris
1106 3275 1185 3359 aris,

326 3392 367 3456 Et
381 3390 493 3455 mitem
508 3393 640 3482 genium
659 3392 783 3459 domini
801 3393 968 3483 praesentis
986 3391 1112 3460 adoras.

373 3506 493 3575 Audita
511 3532 558 3591 es;
576 3509 729 3599 venitque
747 3507 850 3600 gradu
871 3508 1003 3575 fortuna
1022 3510 1174 3602 benigno.

325 3624 417 3692 Vidit
433 3625 554 3716 quippe
570 3625 615 3716 pii
629 3626 759 3715 juvenis
777 3649 956 3716 navamque
972 3625 1130 3717 quictem,

325 3743 547 3834 Intactamque
563 3739 676 3827 fidem,
696 3741 925 3833 succinctaque
942 3758 1074 3836 pectora
1090 3745 1189 3832 curis,

325 3862 369 3926 Et
390 3857 502 3952 vigiles
520 3883 645 3944 sensus,
664 3873 698 3926 et
716 3858 813 3952 digna
834 3860 982 3929 evolvere
1002 3877 1108 3930 tantas

328 3979 442 4045 Sobria
459 3978 558 4046 corda
577 3980 678 4065 vices;
698 3979 793 4067 vidit,
811 3980 867 4071 qui
888 3997 1006 4050 cuncta
1026 4006 1158 4051 suorum
