2812 5258
123 426 1139 467 mmmnmmmmmmmmum

419 748 476 849 P.
506 749 562 850 P.
600 747 843 851 STATll

299 1068 966 1243 SILVARUM

519 1442 689 1528 LIBER
721 1446 752 1528 Ι.

591 1768 689 1786 α..-

478 2025 542 2089 ΑΙ)
566 2025 789 2093 STELLAM

127 2265 227 2390 Dru
243 2313 449 2406 multumque
464 2313 628 2400 dubitavi,
644 2313 744 2382 Stella
761 2316 892 2407 juvenis
913 2317 1052 2408 optime,
1068 2329 1101 2384 et
1116 2317 1149 2385 in

126 2432 241 2502 studiis
263 2434 382 2500 nostris
403 2432 655 2500 eminentissime
673 2456 737 2525 qua
755 2445 848 2525 parte
865 2431 1016 2519 voluisti,
1032 2458 1075 2502 an
1090 2433 1151 2502 hos

127 2548 266 2636 libellos,
282 2551 339 2642 qui
353 2549 433 2617 mihi
450 2549 558 2617 subito
574 2547 681 2618 calore
697 2549 889 2643 et‘quedam
905 2550 1080 2620 festinandi
1094 2574 1147 2618 vo

127 2666 252 2760 luptute
276 2667 451 2753 fluxerant,
475 2691 578 2759 quum
605 2666 724 2762 singuli
750 2666 791 2736 de
816 2670 890 2736 sinu
917 2693 992 2736 meo
1013 2667 1146 2761 prodii,
1271 2667 1274 2672 .

127 2799 216 2872 sent,
239 2799 453 2878 congregatos
478 2787 547 2878 ipse
570 2784 778 2853 dimitterem.
800 2784 892 2875 Quid
910 2783 1024 2854 enim?
1025 2836 1151 2854 ...........

129 2926 258 2995 quoque
279 2904 472 2971 auctoritate
491 2902 644 2971 editionis
663 2905 809 2990 onerari,
834 2927 935 2995 quum
957 2902 1065 2971 adhuc
1092 2927 1152 2996 pro

128 3018 293 3088 Thebaide
307 3043 379 3086 mea
389 3019 552 3115 (quamvis
568 3045 620 3088 me
636 3019 820 3114 reliquerit)
835 3019 954 3088 timeo?
966 3019 1031 3089 Sed
1043 3034 1076 3089 et
1087 3021 1152 3089 Cu-

130 3135 224 3206 licem
245 3136 396 3230 legimus,
419 3151 452 3205 et
472 3138 869 3230 Batrachomyomochiam
890 3139 987 3206 etiam
1007 3139 1152 3231 agnosci·

131 3279 229 3323 mus:
251 3279 311 3323 neo
333 3257 505 3348 quisquam
528 3269 576 3323 est
598 3253 774 3323 illustrium
796 3269 986 3347 poetarum,
1007 3256 1064 3346 qui
1086 3279 1153 3323 non

133 3370 254 3464 aliquid
276 3372 430 3465 operibus
449 3373 515 3439 suis
534 3371 609 3439 stilo
629 3372 812 3439 remissiore
833 3370 1021 3464 praeluserit.
1040 3369 1153 3461 Quid?

134 3491 220 3580 quod
230 3493 298 3560 haec
308 3516 417 3559 serum
431 3504 501 3559 erat
513 3491 698 3577 continere,
713 3515 814 3582 quum
829 3488 886 3558 illa
897 3514 956 3558 vos
970 3503 1058 3558 certe
1073 3513 1154 3582 quo·

133 3630 207 3674 rum
225 3609 342 3676 honori
363 3607 439 3676 data
460 3620 556 3695 sunt,
575 3607 747 3676 haberetis.
768 3606 831 3676 Sed
850 3605 938 3699 apud
956 3619 1079 3674 ceteros
1099 3629 1154 3674 ne-

134 3747 219 3790 cesse
233 3739 280 3793 est
296 3724 435 3792 multum
451 3724 515 3793 illis
532 3738 644 3818 pereat
663 3749 702 3793 ex
721 3725 832 3810 venia,
852 3748 954 3816 quum
973 3724 1155 3807 amiserint,

133 3864 232 3931 quarn
241 3840 342 3908 solam
354 3842 554 3937 heduorum,
569 3843 708 3936 gretiam
720 3839 902 3909 celeritatis.
917 3839 1054 3911 Nullum
1068 3838 1155 3907 euim
1223 3866 1226 3883 ·

133 3981 173 4024 ex
198 3955 261 4025 illis
283 3957 383 4024 biduo
406 3954 534 4049 longius
560 3972 719 4042 tractum;
743 3958 890 4050 quaedam
914 3971 946 4026 et
967 3959 1001 4024 in
1021 3952 1155 4049 singulis

290 4093 312 4139 ι.
999 4097 1010 4141 ι
