2812 5258
367 435 407 488 IN
430 434 459 489 P.
481 436 511 489 1³.
533 433 654 488 sumt
677 433 788 488 THEB.
809 436 878 489 ΗΒ.
901 438 934 488 V.
1116 436 1172 493 305

137 550 214 625 dane
231 548 304 605 sint:
321 552 384 605 Hac
402 568 528 605 cessasse
545 563 643 615 tenus,
661 560 728 618 etc,
743 559 851 605 tuorum
872 562 966 607 autem
984 555 1171 625 populorum,

137 652 170 695 ut
189 642 349 717 peripsum
372 642 408 697 ab
432 642 547 697 interita
566 650 758 709 servatorum
774 660 810 698 en
830 643 859 697 ia
877 656 986 717 coepta,
1006 643 1170 718 expeditio-

136 752 200 793 nem
216 735 372 791 thebanam.

521 899 561 953 IN
583 898 730 954 LIBRUM
751 901 784 952 V.

180 1100 284 1169 Qualia
302 1109 382 1153 trans
394 1106 513 1171 paulum
531 1094 568 1167 (v.
589 1114 620 1149 rr
643 1093 728 1171 sqq.).
748 1097 816 1152 «stc
835 1099 934 1173 Argivi
952 1111 1017 1172 post
1034 1100 1107 1155 sitim
1121 1102 1175 1157 lati

138 1201 216 1246 erant
236 1200 264 1244 et
285 1190 408 1257 alacres,
428 1197 461 1241 ut
478 1186 629 1241 redeuntes
649 1202 733 1260 grues
756 1205 791 1241 ex
814 1189 939 1263 AEgypto
958 1190 988 1245 in
1014 1192 1175 1262 Thraciam,

140 1280 257 1355 quaudo
276 1279 390 1354 fugiunt
409 1279 530 1347 Notum,
548 1278 646 1351 quiin
667 1280 794 1352 AEgypto
813 1281 935 1335 calorem
958 1284 1029 1338 aeris
1048 1295 1174 1358 tempore

139 1382 225 1447 auget
238 1371 369 1426 astatis.»
391 1371 476 1424 Lacr.
489 1389 505 1424 e
519 1369 583 1424 cod.
599 1370 684 1425 Paris.
700 1371 810 1428 emend
827 1373 937 1428 Sennis
955 1375 1042 1431 subst.
1060 1388 1110 1432 est.
1121 1381 1174 1434 Pro

137 1463 239 1537 fugaci
256 1461 339 1517 codd.
355 1461 465 1534 aliquot
481 1481 487 1515 ι
506 1462 611 1535 sagaci.

183 1557 372 1627 Quacumque
389 1572 420 1608 es
435 1553 472 1628 (v.
494 1553 552 1628 ao).
568 1553 622 1608 ΜΒ
637 1572 645 1607 :
664 1555 839 1630 quicumque.
857 1554 937 1610 Idem
952 1575 1011 1631 seq.
1027 1577 1053 1612 v.
1067 1561 1172 1626 vitam,
1254 1586 1265 1609 ·.

140 1664 195 1722 pro
199 1647 318 1718 fatum,
333 1665 398 1702 cum
412 1645 568 1702 Lactantio.

178 1741 238 1795 Illa
255 1760 309 1814 ego
323 1760 384 1796 eum
400 1738 440 1816 (v.
456 1736 514 1816 34).
529 1741 647 1813 Repone
662 1758 696 1795 ex
714 1739 794 1795 MSS.
815 1739 967 1797 Lindenbr.
985 1754 1014 1797 et
1028 1760 1045 1798 a
1059 1744 1148 1820 Regg.
1167 1763 1174 1797 ι

139 1834 194 1888 illa
214 1852 266 1907 ego
281 1851 350 1888 auu.
946 1876 950 1883 .

179 1927 314 1982 Florebat
325 1927 401 1980 diues
411 1926 533 1980 alumnis
547 1920 585 1998 (v.
603 1921 660 2000 54).
680 1926 734 1979 ΜΒ
750 1945 756 1978 :
776 1925 870 1981 «diris
883 1921 1005 1981 florebat
1019 1929 1175 2001 alumnis„

143 2020 272 2074 Vulcano
288 2029 317 2074 et
334 2017 459 2087 Cabiris;
477 2016 526 2072 sed
540 2017 660 2072 alterum
678 2016 786 2072 melius.

181 2111 297 2184 lugenti
301 2111 447 2183 percussit
456 2110 540 2162 litora
545 2119 634 2180 ponto
647 2106 685 2184 (v.
702 2106 760 2185 89).
775 2111 808 2164 ln
822 2109 877 2163 ΜΒ
889 2111 1071 2182 :uproeeessit
1083 2111 1101 2166 l.
1110 2130 1139 2184 p.
1151 2132 1178 2167 :n

140 2202 221 2276 quod
234 2213 307 2276 puto
324 2221 423 2257 verum
440 2219 514 2269 esse,
529 2211 561 2254 ut
575 2200 795 2257 exundatiouem
814 2200 971 2276 designet.»
990 2204 1098 2258 Banna.

183 2297 334 2369 Aciemque
347 2290 442 2365 efficm
456 2294 585 2348 trementi
594 2293 739 2366 Sanguine
754 2290 792 2369 (v.
808 2291 867 2366 95).
881 2295 968 2349 Recte
977 2294 1031 2348 ΜΒ
1047 2315 1054 2349 :
1069 2293 1176 2366 effusa.

141 2386 221 2442 Idem
243 2396 308 2442 ante
330 2397 442 2451 ancta,
470 2386 488 2438 i.
508 2402 532 2438 e.
555 2394 674 2438 auecta.
701 2385 766 2458 Seq.
792 2403 876 2439 versu
905 2403 1002 2440 omues
1023 2387 1132 2442 Barthii
1150 2398 1178 2444 et

140 2480 211 2555 Reg.
236 2498 248 2534 ι
266 2497 323 2553 pro
340 2480 480 2534 desertam
496 2477 594 2552 legunt
606 2475 746 2546 dejectam
752 2517 763 2544 ,
778 2479 957 2552 perculsam:
972 2477 1054 2552 quod
1068 2491 1177 2536 nonest

141 2587 192 2625 cur
210 2569 351 2645 repudies.

181 2664 221 2717 Et
230 2664 322 2718 medio
331 2664 372 2718 sic
381 2680 454 2717 ausa
467 2660 586 2734 profari
597 2673 639 2715 est
652 2660 698 2736 (v.
709 2660 784 2737 103).
794 2665 971 2717 Postremum
987 2673 1029 2716 est
1043 2662 1177 2718 omittunt

143 2754 261 2829 plurimi
275 2754 395 2811 codices.
415 2755 496 2810 Unus
511 2773 518 2807 ε
536 2772 572 2806 ae
585 2753 688 2808 medio.
699 2778 711 2802 a

188 2848 272 2918 Quod
293 2846 412 2921 conjuge
426 2849 464 2924 (v.
487 2844 561 2919 113).
579 2844 712 2900 Meliores
728 2844 809 2899 MSS.
831 2862 929 2899 omnes
953 2845 1141 2916 :ucuiconj.',
1162 2869 1177 2897 n

144 2937 225 3012 quod
240 2937 329 3012 magis
342 2939 525 2994 rhetoricum.
540 2939 666 2993 Gronov.
681 2936 805 3011 pretulit
823 2954 903 3010 quoe,
919 2954 954 2991 ex
967 2936 1125 3009 perpaucis.

183 3031 277 3086 lastae
291 3028 369 3098 cujus
379 3032 532 3104 pulsantia
547 3047 655 3084 menses
677 3029 747 3084 Vota
767 3033 894 3084 tument?
908 3026 946 3106 (v.
968 3027 1043 3104 115).
1059 3032 1176 3088 «Meta-

144 3123 235 3195 phora
258 3123 295 3178 ab
317 3121 447 3192 inclusis,
465 3122 517 3195 qui
530 3123 659 3195 pulsant,
678 3131 709 3176 ut
729 3120 887 3194 aperiatur3
901 3133 930 3177 et
949 3121 995 3176 hic
1013 3133 1112 3195 partus
1131 3125 1177 3179 in-

143 3217 237 3272 clusus
257 3225 312 3284 est3
332 3233 392 3270 non
413 3224 481 3269 vota
501 3224 625 3283 tument,
643 3213 693 3270 sed
716 3214 906 3269 crescentibus
927 3213 1069 3270 mensibus
1088 3226 1177 3274 tumet

144 3317 258 3376 uterus,
271 3316 391 3381 propter
400 3324 504 3380 quem,
517 3316 602 3379 partu
617 3316 650 3360 ut
664 3306 853 3374 detumescat,
868 3316 935 3360 vota
948 3305 1149 3381 suscipiuntur.
1164 3333 1177 3359 t·

144 3399 228 3455 Lacr.
251 3399 360 3455 emend
388 3402 455 3454 Post
482 3397 579 3468 ijoe
600 3399 723 3472 virguiees
743 3408 809 3453 sunt
833 3398 991 3469 Danaides;
1011 3399 1178 3475 Rhodopeia

144 3510 225 3558 uuor,
235 3494 359 3561 Ptocne,
373 3510 388 3546 a
402 3502 499 3547 moute
513 3489 646 3545 Thracia.

184 3582 274 3638 Sudor
287 3581 326 3661 (v.
345 3584 420 3657 tal).
436 3583 601 3639 «Sudorem
614 3583 685 3638 dixit
699 3582 821 3638 filiorum
835 3581 1019 3656 multiplicem
1034 3593 1177 3657 partum...

144 3674 201 3728 sive
215 3675 336 3744 liberos,
353 3694 425 3749 quos
439 3675 627 3749 parturiendo
642 3686 670 3731 et
683 3674 833 3731 educando
847 3670 968 3729 sudavit.
982 3698 993 3723 a
1009 3676 1096 3730 Lacr.

184 3767 355 3840 Somnusque
371 3788 457 3841 super
473 3766 510 3844 (v.
531 3767 606 3843 136).
626 3766 741 3823 Veriori
759 3778 787 3821 et
805 3764 959 3822 efficaciori
980 3767 1072 3840 specie
1091 3786 1178 3840 quarn

143 3861 234 3916 somni
247 3863 338 3916 solent
352 3861 509 3917 ostendere.
529 3863 613 3915 Wnn.
622 3893 663 3904 —
676 3863 711 3916 V.
726 3879 785 3934 seq.
804 3861 858 3914 ΜΒ
874 3870 902 3914 et
915 3861 951 3914 al.
964 3861 1060 3915 Barth.
1074 3861 1178 3916 aduer-

143 3953 199 4018 sis,
215 3971 280 4008 cum
298 3953 454 4007 Lactantio.

183 4046 303 4119 Tempus
324 4045 390 4119 agit
407 4063 450 4100 res
463 4042 501 4118 (v.
520 4040 596 4120 rto).
611 4046 673 4102 llic.
690 4047 786 4103 Heius.
804 4045 902 4117 coni:
923 4045 980 4118 agi.
997 4045 1032 4098 V.
1054 4042 1117 4098 intt.
1139 4042 1177 4098 ad

236 4170 273 4216 lt.
1044 4167 1088 4211 20
