2812 5258
91 414 208 479 (vaae)
404 410 616 469 THEBAIDOS
636 411 746 467 LIBER
769 411 817 465 Ν.

92 542 200 607 Grata
217 538 408 631 pharetrato
426 536 594 606 Nonacria
613 558 691 604 rura
707 536 871 619 Tonanti,

93 659 195 725 Dives
215 671 248 724 et
266 657 492 725 Orchomenos
510 679 684 747 pecorum,
699 669 732 722 et
752 656 926 747 Cynosura
942 652 1097 720 ferarum.

95 777 259 871 AEphitios
275 776 363 844 idem
381 774 483 845 ardor
500 799 612 869 agros,
633 789 664 842 et
681 773 847 868 Psophida
867 772 986 841 celsam

94 899 230 981 vastat,
251 909 285 964 et
300 891 462 963 Herculeo
475 892 627 989 vulgatos
644 894 763 963 robore
780 906 932 979 montes,

95 1013 661 1107 Monstriferumquessrymantlrom
672 1028 705 1082 et
715 1015 891 1081 aerisonum
900 1008 1130 1104 Stymphalon.
1243 1088 1246 1095 ¹

145 1132 286 1202 Arcades
303 1133 357 1219 hi;
378 1155 459 1227 qens
475 1155 542 1200 una
559 1133 655 1219 viris,
676 1131 734 1200 sed
750 1131 882 1201 dissona
898 1128 990 1200 cultu

97 1251 287 1321 Scinditur:
303 1253 338 1321 hi
354 1251 497 1346 Paphias
516 1267 639 1345 myrtos
656 1276 675 1319 a
691 1253 796 1344 stirpe
813 1264 992 1319 recurvant

98 1376 141 1441 Et
159 1370 316 1466 pastorali
335 1372 539 1442 meditantur
556 1371 670 1467 proelia
686 1386 830 1440 trunco:

98 1494 158 1561 His
176 1516 288 1581 arcus,
305 1494 358 1562 his
375 1492 441 1562 tela
455 1492 552 1562 audes
568 1495 643 1563 :hic
658 1493 782 1563 casside
802 1491 912 1561 crines

60 1596 72 1619 ⁸
99 1614 224 1707 Integit
240 1639 247 1680 :
262 1613 393 1684 Arcadii
412 1639 539 1684 morem
553 1629 643 1684 tenet
657 1611 712 1683 ille
728 1611 831 1708 galeri
848 1637 856 1679 r

101 1729 160 1798 {lle
178 1734 350 1824 Lycaonia
370 1734 458 1803 rictu
475 1749 577 1829 eaput
591 1749 722 1829 asperat
740 1757 834 1803 ursa.

149 1853 217 1920 Hos
232 1850 310 1921 belli
323 1868 428 1922 coetua
441 1854 619 1947 jurataque
635 1868 770 1948 pectora
787 1853 911 1937 Marti,

101 1969 211 2039 Milite
227 1971 345 2039 vicinae
363 1967 456 2040 nullo
471 1972 588 2063 juvere
605 1974 763 2065 Mycena.

103 2092 263 2158 Funereoe
280 2102 352 2159 tum
365 2114 509 2183 namque
530 2089 646 2184 dapes,
666 2090 831 2183 mediique
845 2110 999 2159 recursare

102 2206 206 2295 Solis,
223 2223 257 2277 et
274 2208 329 2277 hic
344 2207 401 2279 alii
416 2210 598 2279 miscebant
614 2209 731 2305 proelia
746 2208 876 2280 fratres.

149 2331 291 2425 Jamque
306 2327 504 2401 Atalantaeas
523 2329 676 2425 implerat
696 2332 835 2400 nuntius
856 2354 952 2399 aures

104 2451 156 2519 lre
171 2448 290 2519 ducem
305 2447 409 2537 bello,
425 2464 597 2545 totamque
612 2448 781 2545 impellere
797 2466 914 2520 natum

105 2570 280 2641 Arcadiam
297 2595 305 2639 :
322 2584 488 2641 tremuere
504 2570 646 2667 gradus,
668 2570 844 2667 elapsaque
860 2572 955 2665 juxta

105 2690 207 2760 Tela:
225 2691 310 2787 fugit
328 2690 427 2762 silvas
444 2692 610 2787 pernicior
626 2691 704 2763 alite
722 2706 822 2761 vento

105 2812 190 2881 Saxa
207 2835 267 2906 per
284 2826 319 2882 et
335 2810 444 2908 plenis
461 2813 627 2882 obstantia
646 2811 782 2881 flumina
802 2812 901 2906 ripis,

106 2928 224 3019 Qualis
241 2946 330 3015 erat,
345 2947 501 3029 correpta
516 2933 627 3021 ainus,
645 2945 680 3001 et
696 2933 820 3019 vertice
837 2930 958 3001 ssavum

106 3052 241 3121 Crinem
260 3076 374 3147 sparsa
394 3052 486 3123 Noto
498 3053 624 3148 :raptis
644 3051 735 3122 velut
753 3076 870 3147 aspera
887 3054 973 3123 uatis

107 3171 304 3242 Praedatoris
323 3173 400 3268 equi
416 3174 567 3268 sequitur
584 3174 723 3268 vestigia
740 3173 844 3268 tigria.

51 3318 59 3331 ’
156 3295 203 3363 Ut
223 3294 332 3380 stetit,
351 3292 561 3388 adversisque
580 3295 718 3390 impegit
737 3307 874 3388 pectora
890 3291 1013 3362 frenis:

108 3411 190 3506 (Ille
207 3413 249 3482 ad
263 3414 404 3485 humum
423 3411 570 3510 pallens)
588 3415 713 3486 «Unde
732 3416 802 3485 hac
817 3412 997 3485 furibunda
1011 3413 1151 3508 cupido,

108 3534 210 3623 Nate,
231 3533 317 3604 tibi?
334 3550 516 3629 teneroque
534 3534 624 3607 unde
640 3534 791 3632 improba
803 3551 947 3631 ,pectore
962 3534 1090 3604 virtus?

106 3657 159 3725 Tu
176 3652 272 3724 bellis
292 3670 408 3753 aptare
427 3656 539 3727 viros?
556 3670 594 3728 tu
611 3656 759 3752 pendera
777 3656 864 3729 serre

106 3776 249 3862 Martis,
268 3790 301 3845 et
319 3776 476 3849 ensiferas
495 3780 584 3849 inter
599 3792 695 3874 potes
712 3781 762 3848 ire
779 3776 948 3848 catervas?

107 3898 314 3991 Quanquam
330 3900 458 3969 utinam
476 3897 580 3971 vires!
598 3925 707 3995 nuper
724 3915 758 3967 te
777 3896 901 3991 pallida
921 3895 1004 3982 vidi,

107 4020 200 4087 Dum
223 4019 346 4113 premis
366 4018 490 4089 obnixo
512 4018 675 4089 teudula
697 4020 850 4089 cominus
869 4042 967 4110 apro,
