2812 5258
329 475 385 534 ιιι
623 457 833 516 rnnnnnos
854 454 964 510 nmnn
988 452 1040 507 m.
1248 442 1372 501 (ιω.)

328 587 571 662 Thessandrum
592 584 743 678 portabat
760 604 823 649 avo
838 582 906 672 jam
926 588 1021 643 nocte
1039 592 1197 665 suprema

330 717 417 781 Ante
433 732 535 776 novos
554 718 661 779 ortus,
682 703 739 771 ubi
756 698 825 768 sola
844 696 1020 790 superstite
1037 690 1188 786 plaustro

332 835 450 898 Arctos
471 826 513 895 ad
534 829 702 893 Oceanum
720 818 923 913 fugientibus
942 812 1067 881 invidet
1084 811 1196 878 astris.

379 954 490 1041 thue
507 945 591 1013 fores
610 943 698 1027 iniit,
718 961 904 1033 magnoque
921 934 1024 1002 affusa
1040 932 1173 1025 parenti
1190 944 1269 997 est:

333 1100 348 1131 «ι
361 1072 430 1137 Cur
446 1081 500 1133 tua
519 1086 593 1131 eum
611 1060 761 1153 lacrymis
779 1070 894 1124 moesto
912 1055 983 1122 sine
999 1052 1142 1144 conjuge
1158 1047 1310 1143 supplex

334 1187 463 1255 Limina
482 1194 579 1251 noete
596 1195 725 1274 petam,
743 1200 865 1245 cessem
883 1175 960 1242 lieet
979 1176 1048 1263 ipsa
1068 1169 1215 1264 profari,

336 1308 405 1374 Scis
422 1305 577 1396 genitor:
598 1299 654 1367 sed
671 1301 744 1391 jura
763 1302 872 1366 Deum
893 1290 1047 1388 genitalia
1062 1304 1186 1375 testor,

334 1429 448 1517 Teque
466 1436 569 1516 pater,
588 1446 655 1487 non
673 1418 728 1486 ille
741 1418 853 1510 juhet3
873 1413 930 1481 sed
951 1408 1088 1507 pervigil
1107 1432 1235 1503 angor,

336 1549 384 1613 Ex
402 1569 468 1636 quo
486 1544 611 1634 primus
628 1543 774 1630 Hymen,
790 1537 959 1628 movitque
978 1532 1120 1601 infausta
1138 1532 1317 1598 sinistram

335 1667 421 1730 Juno
437 1661 556 1738 facem,
574 1681 704 1750 semper
720 1654 871 1747 lacrymis
890 1655 1082 1747 gemituque
1103 1651 1307 1743 propinquo

336 1780 518 1849 Esturhata
534 1778 626 1869 quies
646 1802 653 1843 :
670 1801 737 1843 non
758 1776 785 1841 si
806 1775 886 1842 mihi
904 1772 1031 1865 tigridis
1047 1772 1189 1855 horror,

338 1901 573 1991 AEquoreeeque
591 1919 689 1987 super
706 1896 833 1987 rigeant
852 1890 1031 1985 praecordia
1048 1902 1181 1977 cautes,

337 2021 436 2085 Ferre
454 2038 570 2108 queam
589 2042 597 2082 :
616 2029 653 2081 tu
673 2013 760 2082 solus
778 2038 896 2106 opem,
912 2026 949 2079 tu
969 2034 1096 2077 summa
1114 2008 1279 2079 medendi

338 2140 417 2203 Jura
435 2150 550 2202 tenes:
567 2134 606 2200 da
625 2131 726 2219 bella,
746 2146 856 2224 pater;
875 2131 1052 2224 generique
1068 2130 1219 2221 jacentis

339 2254 477 2347 Adspice
493 2278 544 2320 res
562 2252 718 2337 humiles,
733 2266 832 2343 atque
847 2251 948 2337 hauc,
968 2265 1072 2345 pater,
1088 2248 1228 2346 adspice
1246 2248 1363 2345 prolem

338 2372 487 2457 Exsulis;
506 2372 584 2441 huic
604 2371 682 2439 olim
700 2373 830 2464 generis
851 2373 966 2466 pudor.
985 2377 1017 2441 Ο
1037 2372 1094 2439 ubi
1114 2373 1226 2465 prima

339 2492 506 2584 Hospitis,
524 2504 556 2559 et
571 2492 693 2582 junetae
713 2507 830 2559 testato
852 2494 987 2560 numine
1004 2488 1151 2559 ‹lextrael

387 2642 403 2673 (ι
413 2612 475 2678 llic
487 2624 574 2678 certe
586 2622 651 2696 est,
669 2636 768 2703 quem
781 2615 859 2678 Fata
871 2611 1013 2696 dabant,
1028 2635 1133 2703 quem
1142 2610 1217 2680 dixit
1228 2605 1355 2703 Apollo.

341 2735 415 2800 Non
433 2747 562 2829 egomet
580 2733 695 2800 tacitos
712 2732 851 2799 Veneris
868 2730 973 2797 furata
993 2727 1140 2813 calores,

313 2886 317 2899 ·
341 2846 555 2943 Culpatomve
571 2852 689 2937 lacem,
704 2866 760 2918 tua
775 2851 863 2942 jussa
881 2849 1041 2932 verenda,
1059 2864 1205 2945 tuosque

340 2968 449 3038 Dilexi
470 2971 638 3036 monitus:
657 2993 744 3036 nunc
763 2993 827 3060 qua
845 2968 972 3036 feritate
989 2965 1135 3037 dolentis

340 3090 525 3181 Despiciam
544 3086 700 3180 questus?
717 3090 840 3172 nescis,
859 3102 951 3179 pater
967 3089 1108 3180 optime,
1127 3092 1255 3176 neseis,

340 3209 492 3293 Quantus
510 3232 603 3274 amor
619 3231 723 3276 causae
743 3209 863 3275 misero
882 3208 1032 3300 nupsisse
1049 3210 1184 3278 marito.

340 3327 385 3391 Et
404 3348 492 3391 nune
509 3340 621 3392 moesto
641 3325 774 3417 quidem
791 3351 888 3420 grave
908 3340 939 3393 et
959 3324 1124 3396 illaetahile
1140 3354 1270 3399 munus

340 3445 387 3511 Ut
402 3443 553 3523 timeam,
568 3441 777 3535 doleamque,
795 3470 875 3538 rogo
894 3444 973 3511 :sed
991 3470 1094 3538 quum
1107 3446 1225 3517 oscula
1240 3463 1365 3542 rumpet

340 3563 455 3627 Moesta
476 3559 560 3642 dies,
581 3584 683 3650 quum
703 3587 801 3630 rauca
818 3563 944 3629 dabunt
965 3566 1166 3635 abeuntibus
1184 3571 1293 3638 armis

340 3680 439 3770 Signa
459 3679 561 3764 tuhae,
579 3703 728 3772 saevoque
746 3706 843 3775 genas
859 3680 1024 3774 fulgebitis
1043 3708 1148 3771 auro,

340 3799 399 3864 Hei
417 3794 517 3864 mihil
540 3821 613 3864 care
631 3824 767 3891 parens,
788 3803 906 3867 iterum
928 3801 1062 3870 fortasse
1079 3806 1222 3897 rogaho.
1237 3838 1257 3871 s

386 3913 478 3982 Illius
495 3917 643 3984 humenti
662 3942 798 4011 carpens
816 3931 909 4009 pater
929 3920 1039 3988 oscula
1060 3920 1179 4011 vultu,

339 4062 356 4095 α
371 4035 448 4103 Non
468 4034 618 4126 equidem
639 4038 697 4105 has
716 4060 860 4126 unquam
878 4036 1058 4131 culparim,
1075 4053 1178 4130 nata,
1197 4045 1367 4137 querelas:
