2812 5258
185 431 241 482 27⁰
476 412 729 469 ucutuuuluos
751 411 863 467 LIBER
886 413 912 468 1.
1096 408 1132 470 (v.
1148 411 1221 474 3η)

183 537 386 630 Peliacisque
399 536 509 631 jugis?
525 561 547 604 o
562 538 589 603 si
606 535 685 603 mihi
702 537 842 630 jungere
858 557 971 618 curas,

184 661 292 751 Atque
306 655 405 726 elium
426 670 556 749 portare
572 656 646 723 sinu
663 656 834 748 contingat
853 647 1035 722 Achillem!
1058 680 1075 714 n

184 775 369 859 Muloetur,
384 773 560 868 letumque
579 775 692 860 rubet,
709 775 863 866 visusque
881 752 1041 864 superbos

184 892 360 987 Obliquat,
379 908 549 986 vestesque
564 916 664 962 manu
682 892 803 962 leviore
826 889 965 984 repellit.

183 1011 330 1104 Adspicit
347 1012 541 1107 ambiguum
560 1012 719 1106 genitrix,
738 1013 893 1106 cogitque
909 1008 1095 1098 volentem,

184 1131 365 1224 Injecitque
387 1133 505 1200 sinus:
526 1146 606 1201 tunc
621 1129 705 1201 coila
722 1132 861 1225 rigentia
879 1128 1005 1215 mollit,

183 1249 417 1343 Submittitque
435 1275 550 1345 grams
569 1251 741 1339 humeros,
758 1264 791 1318 et
811 1249 907 1318 sortia
927 1249 1011 1318 laxet

184 1369 339 1456 Brachia,
358 1384 393 1438 et
412 1371 558 1463 impexos
572 1385 663 1439 certo
679 1369 793 1439 domet
806 1369 921 1438 ordine
937 1370 1062 1456 crines,

184 1490 232 1557 Ac
250 1513 309 1556 sua
328 1487 446 1571 dilecte
463 1489 590 1558 cervice
609 1486 747 1557 monilia
764 1488 935 1575 transfert,

183 1612 225 1678 Et
242 1610 407 1701 picturato
425 1609 557 1679 cohibet
576 1610 713 1703 vestigia
735 1607 849 1678 iimbo.

183 1731 368 1816 incessum,
386 1743 579 1822 motumque
594 1727 712 1815 docet,
728 1727 885 1823 fandique
903 1726 1073 1823 pudorem.

56 1883 58 1887 ·
184 1847 337 1934 Qualiter
350 1847 483 1918 artificis
497 1851 633 1918 victure
646 1846 766 1942 pollice
777 1872 861 1918 cere

184 1967 358 2060 Accipiunt
375 1967 511 2056 formes,
529 1969 724 2063 ignemque,
741 1992 943 2063 manumque
958 1983 1153 2062 sequuntur,

183 2084 271 2154 Telis
289 2100 360 2156 erut
379 2087 463 2159 dive
479 2103 594 2159 netum
610 2090 768 2158 mutantis
788 2091 907 2183 imago.

174 2208 255 2276 ¹Nec
272 2207 468 2281 luctatediu
486 2235 494 2277 ε
510 2223 661 2303 superest
677 2234 753 2278 nem
774 2207 937 2305 plurimus
954 2207 1001 2280 illi

183 2330 309 2398 Invicta
328 2332 450 2401 virtute
469 2328 580 2414 decor,
602 2327 752 2420 fallitque
770 2343 899 2398 tuentes

182 2449 380 2541 Ambiguus,
399 2447 557 2540 tenuique
574 2443 679 2515 lutens
692 2445 881 2515 discrimine
900 2472 1005 2515 sexus.

230 2563 435 2652 Piocedunt,
450 2567 634 2659 iterumque
651 2580 779 2652 monet,
794 2588 992 2658 rursumque
1005 2563 1125 2661 fatiget

184 2683 309 2754 Blanda
323 2684 437 2755 Thetis
456 2711 494 2755 :s
511 2685 566 2757 Sic
581 2710 661 2781 ergo
677 2686 815 2781 gradus,
828 2687 877 2756 sic
893 2708 967 2770 ora,
982 2708 1190 2780 manusque,

183 2807 284 2894 Nate,
300 2804 403 2894 seres,
421 2806 621 2900 comitesque
638 2806 746 2875 modis
761 2805 927 2874 imitabere
946 2803 1052 2891 fictis;

184 2928 235 2994 Ne
254 2941 286 2994 te
304 2942 492 3020 suspectum
507 2925 600 2996 molli
619 2952 685 2995 non
706 2928 838 2994 misceat
854 2922 937 2992 aule

183 3049 317 3130 Rector,
333 3059 366 3114 et
383 3047 506 3141 incepti
523 3061 657 3140 pereunt
678 3041 845 3111 mendacia
863 3042 952 3112 furti.
970 3073 986 3107 n

183 3164 295 3253 Dixit,
314 3181 348 3233 et
367 3165 501 3235 admoto
517 3191 585 3235 non
601 3176 704 3233 ceretu
721 3185 852 3230 comere
871 3177 970 3231 tectu.

184 3285 238 3353 Sic
254 3285 310 3352 ubi
327 3287 483 3379 virgineis
498 3289 618 3354 Hecate
633 3281 749 3351 lassata
767 3283 928 3376 pharetris

184 3402 235 3472 Ad
253 3418 380 3495 patrem
399 3405 597 3497 fratremque
612 3402 712 3488 rodit,
731 3427 841 3472 comes
861 3403 962 3471 heret
979 3404 1070 3471 eunti

183 3525 302 3606 Mater,
316 3538 350 3590 et
368 3525 439 3617 ipsc
456 3524 613 3591 humeros
631 3535 808 3615 exertaque
824 3522 957 3591 brachia
975 3520 1083 3607 velnt3

183 3641 257 3731 Ipsn
274 3664 388 3709 arcum
407 3640 661 3735 pharetramque
681 3639 786 3729 locet,
806 3655 976 3734 vestesque
992 3640 1130 3709 intentes

184 3758 345 3846 Deducit,
364 3783 557 3852 sparsosque
574 3760 684 3830 studet
702 3784 901 3854 componere
920 3762 1037 3829 crines.

236 3879 389 3948 Protinus
412 3879 603 3974 aggreditur
620 3905 729 3976 regem
748 3896 869 3975 :etque
888 3880 950 3967 ibi,
968 3880 1105 3950 testibus
1126 3883 1212 3965 nris,

186 4031 201 4061 «
222 4003 314 4069 Hanc
332 4000 409 4090 tibi,
429 4002 496 4090 ait,
516 4002 620 4072 nostri
641 4025 844 4096 germanam,
862 4015 981 4087 rector,
996 3998 1133 4069 Achillis
