2812 5258
92 463 124 521 lr.
136 467 186 521 51.)
414 468 603 522 SILVARUM
625 468 732 522 LIBER
755 469 787 518 V.

93 595 216 664 Obruis
232 590 289 661 ah!
309 592 404 662 dira:
423 595 494 661 viso
511 594 556 660 sic
574 590 707 660 vulnere
725 615 808 658 caras

92 711 265 806 Conjugis,
285 715 409 781 invenit
427 725 558 781 caneret
579 710 668 802 quod
685 709 854 801 Thracius,
861 707 1016 800 Orpheus

92 830 199 925 Dulce
215 832 291 917 sibi;
306 833 353 899 sic
366 832 461 900 busta
477 830 551 898 Lini
567 827 754 923 complexus
769 822 887 922 Apollo

92 950 167 1017 Non
186 952 295 1018 tacuit.
314 952 444 1019 Nimius
462 948 613 1033 fortasse,
632 947 811 1040 avidusque
828 945 951 1015 doloris

91 1070 204 1154 Dicar,
218 1083 249 1137 et
265 1070 298 1136 in
315 1069 464 1163 lacrymis
476 1069 602 1160 justum
618 1066 788 1136 excessisse
802 1065 973 1160 pudorem.

90 1186 251 1273 Quisnam
269 1202 378 1255 autem
396 1187 553 1280 gemitus,
571 1184 775 1279 lamentaque
793 1199 902 1253 nostra
924 1180 1112 1276 reprendit?

91 1308 122 1373 Ο
140 1305 276 1373 nimium
295 1304 386 1393 felix,
405 1306 542 1372 nimium
562 1303 714 1389 crudelis,
731 1319 764 1372 et
781 1328 895 1395 expers

91 1425 239 1516 Imperii,
258 1428 418 1510 Fortuna,
435 1425 500 1509 tui,
518 1425 575 1516 qui
592 1423 697 1491 dicere
715 1422 817 1516 legem

90 1539 246 1628 Fletibus,
264 1556 322 1610 aut
338 1542 416 1610 fines
432 1541 531 1610 audet
546 1567 677 1611 censere
694 1539 839 1611 dolendi!

89 1663 221 1747 Incitat,
237 1658 313 1729 heu!
331 1660 480 1754 planctus
497 1687 505 1728 ε
523 1662 631 1754 potius
652 1661 808 1756 fugientia
826 1660 914 1754 ripas

90 1777 240 1846 Flumina
258 1778 429 1862 devincas,
447 1779 567 1872 rapidis
585 1795 642 1847 aut
660 1781 789 1873 ignibus
806 1780 931 1864 obstes,

89 1896 199 1983 Quam
215 1898 349 1963 miseros
366 1894 476 1989 lugere
492 1913 582 1965 vetes
598 1925 606 1965 :
624 1912 732 1967 tamen
750 1896 803 1966 ille
819 1919 965 1980 severus,

89 2014 249 2105 Quisquis
266 2015 292 2080 is
307 2028 374 2098 cst,
393 2029 511 2081 nostrae
527 2031 699 2106 cognoscat
714 2014 849 2084 vulnera
865 2037 977 2082 oausae.

136 2133 212 2199 Non
227 2156 288 2224 ego
303 2145 464 2199 mercatus
480 2133 598 2200 Pharia
616 2131 657 2200 de
674 2134 759 2226 pube
776 2130 924 2224 loquaces

88 2250 242 2336 Delicias,
260 2248 434 2317 doctumve
451 2251 502 2317 sui
518 2252 666 2318 convicia
681 2248 749 2319 Nili

87 2369 263 2453 Infantem,
279 2366 392 2461 lingua
408 2369 561 2453 nimium,
579 2369 765 2461 salibusque
782 2382 970 2462 protervum

87 2485 194 2554 Dilcxi
214 2512 221 2554 :
239 2510 330 2554 meus
345 2484 413 2571 ille,
429 2510 544 2553 meus:
567 2483 681 2553 tellure
698 2485 866 2554 cadentem

90 2606 222 2697 Excepi,
237 2619 269 2671 et
286 2605 429 2671 vinctum
447 2601 577 2697 genitali
597 2606 738 2672 camnine
754 2604 837 2688 fovi3

62 2711 65 2717 ’
87 2722 338 2815 Pulsantemque
357 2746 458 2790 novas
478 2721 623 2790 tremulis
644 2720 823 2791 ululatibus
843 2744 938 2787 auras

87 2844 211 2910 luserui
231 2843 303 2909 vitae
320 2867 328 2908 :
345 2838 424 2932 quid
443 2840 516 2933 plus
535 2841 677 2909 tribuere
694 2837 864 2933 parentes?

85 2962 175 3048 Quin
194 2959 273 3026 alios
289 2973 397 3045 ortus,
418 2957 667 3049 libertatemque
680 2959 742 3026 sub
757 2959 835 3050 ipsis

86 3077 249 3150 Uberibus
265 3077 337 3160 tibi,
355 3101 469 3169 parve,
485 3075 575 3160 dedi,
594 3091 630 3142 tu
647 3100 782 3143 munera
800 3090 910 3143 nostra
1023 3138 1026 3145 .

86 3194 239 3280 Ridebas,
258 3195 389 3288 ignarus
410 3193 518 3261 adhuc
537 3219 545 3260 :
563 3196 787 3287 properaverit
805 3191 873 3277 ille,

85 3312 147 3380 Sed
165 3313 281 3380 merito
296 3310 509 3405 properabat,
527 3336 636 3396 amor;
657 3336 697 3379 ne
714 3309 864 3404 perderet
882 3308 986 3377 ullum

84 3430 233 3497 Libertas
251 3444 318 3496 tam
334 3454 435 3523 parva
454 3431 541 3499 diem
560 3456 568 3497 ε
588 3454 697 3498 nonne
712 3428 864 3498 horridus
880 3431 966 3522 ipsos

85 3545 211 3613 Invidia
227 3549 384 3637 Superos,
403 3549 589 3641 injustaque
607 3551 742 3618 Tartara
761 3547 906 3641 pulsem?

85 3665 204 3731 Nonne
220 3686 347 3756 gemam
366 3678 413 3751 te,
430 3691 502 3734 rare
521 3667 621 3761 puer?
636 3692 703 3759 quo
721 3669 857 3761 sospite,
878 3680 971 3733 natos

85 3782 158 3848 Non
175 3782 280 3873 cupii;
300 3782 408 3874 primo
424 3788 580 3874 gremium
598 3789 650 3854 cui
671 3802 827 3879 protenus
846 3801 921 3853 ortu

82 3897 249 3992 Adplicui,
269 3898 392 3991 fixique
410 3924 534 3985 meum3
554 3905 606 3971 cui
625 3905 738 3989 verba,
758 3927 918 3994 sonosque

83 4021 280 4103 Monstravi,
297 4033 497 4110 questusque
512 4035 545 4089 et
561 4046 728 4090 murmura
745 4047 827 4090 caeca
845 4020 1024 4104 resolvens3
