2812 5258
92 466 206 530 (affl.)
390 465 599 521 Tunnttnos
621 465 728 520 LIBER
751 464 800 518 xl.
1065 463 1120 517 nal

93 593 146 659 stc
164 589 250 659 avidi
271 592 464 658 incurrunt:
482 588 637 657 necdum
656 587 763 656 letalia
779 588 916 654 miscent

92 708 261 793 Vulnera,
282 708 337 777 scd
354 724 480 802 coeptus
499 709 632 801 sanguis
650 733 658 775 :
675 707 865 798 facinusque
881 722 1059 799 peractum.

93 831 163 897 Nec
176 830 245 922 jam
260 853 343 923 opus
356 843 406 897 est
420 829 526 899 Furiis
542 854 549 894 :
566 842 694 896 tantum
715 828 890 911 mirantur,
907 839 940 894 et
956 825 1086 893 adstant

92 947 295 1031 laudantes,
312 949 550 1040 hominumque
567 947 679 1016 dolent
696 947 771 1040 plus
787 972 882 1041 posse
903 947 1039 1016 furores.

91 1070 214 1136 Fratris
229 1084 369 1162 uterque
384 1068 497 1136 furens
515 1069 605 1160 cupit
623 1066 818 1159 affectatque
834 1092 1002 1168 cruorem,

92 1192 134 1257 Et
149 1191 251 1257 nescit
270 1213 404 1257 manare
422 1212 518 1255 suum
534 1212 541 1253 :
558 1186 689 1254 tandem
707 1187 804 1254 irruit
821 1187 929 1273 exsul,
963 1205 968 1211 ‘
989 1184 992 1192 ’

92 1310 314 1400 Hortatusque
333 1330 488 1387 manum,
503 1307 556 1373 cui
573 1305 690 1375 fortior
706 1307 772 1393 ira,
789 1305 943 1399 nefasque

90 1430 233 1510 iustius,
251 1426 315 1496 alte
331 1450 439 1495 ensem
457 1427 604 1519 germani
622 1428 655 1492 in
671 1449 809 1520 corpore
828 1427 965 1520 pressit,

91 1548 168 1636 Qua
185 1545 270 1614 male
282 1549 350 1640 jam
369 1545 489 1640 plumis
505 1547 590 1614 imus
605 1547 686 1641 tegit
701 1548 837 1641 inguina
851 1546 978 1615 thorax.

91 1662 151 1733 llle
172 1664 284 1734 dolens
305 1667 475 1748 nondum,
491 1667 546 1735 sed
567 1667 644 1735 ferri
659 1667 781 1761 frigore
796 1668 905 1760 primo

91 1787 257 1872 Territus,
276 1787 307 1854 in
325 1785 468 1881 clipeum
487 1786 635 1855 turbatos
652 1786 778 1880 colligit
798 1802 907 1874 artus,

91 1906 171 1973 Mox
192 1903 357 1975 intellecto
375 1908 478 1999 magis
495 1931 533 1974 ac
549 1907 652 1999 magis
669 1931 754 2000 aeger
769 1907 901 1976 anhelat

92 2027 257 2113 Vulnere,
275 2052 335 2095 nec
354 2028 461 2119 parcit
476 2026 621 2112 cedenti,
639 2040 738 2119 atque
754 2029 901 2121 increpat
917 2029 1004 2097 hosti
1022 2054 1029 2095 :

91 2148 196 2234 «Quo
214 2148 372 2231 retrahis,
391 2169 564 2240 germane,
580 2145 721 2241 gradus?
739 2171 759 2214 ο
779 2147 935 2241 languida
954 2173 1088 2234 somno,

90 2270 133 2335 Et
150 2267 259 2359 regnis
276 2265 385 2335 effoeta
402 2264 512 2358 quies!
529 2265 691 2360 longaque
707 2268 768 2335 suh
787 2269 906 2337 umbra

91 2385 250 2481 Imperia!
269 2383 384 2455 exsilio
404 2385 568 2479 rebusque
586 2388 727 2456 exercita
748 2388 858 2481 egenis

91 2508 239 2576 Membra
259 2506 349 2574 vides
365 2532 373 2573 :
390 2505 479 2575 disce
496 2532 587 2575 arma
608 2510 693 2601 pati,
708 2534 768 2578 nec
785 2509 887 2579 fidere
904 2510 1024 2579 taetis.»

136 2629 191 2695 Sic
208 2641 355 2721 pugnant
372 2627 483 2695 miseri
502 2652 510 2693 :
528 2629 670 2696 restabat
686 2627 770 2697 lassa
785 2630 927 2698 nefando

92 2747 169 2813 vita
188 2745 281 2831 duci,
298 2769 508 2838 summusque
524 2769 634 2831 cruor,
653 2762 868 2840 poterantque
888 2773 1064 2842 parumper

92 2868 184 2934 Stare
200 2865 320 2959 gradus
335 2892 343 2934 :
359 2865 416 2934 sed
424 2879 547 2958 'sponte
561 2865 642 2951 ruit,
655 2864 870 2959 fraudemque
883 2891 1069 2960 supremam

92 2989 130 3053 ln
149 2986 254 3054 media
266 2987 334 3078 jam
349 3001 455 3055 morte
470 3001 584 3079 parat:
601 2984 744 3054 clamore
759 2987 927 3055 Cithaeron

91 3109 247 3200 Erigitur,
264 3108 430 3198 fraterque
446 3123 536 3176 ratus
554 3108 688 3192 vicisse,
706 3104 826 3175 levavit

92 3227 145 3295 Ad
164 3227 280 3296 coelum
296 3225 430 3320 palmas.
452 3231 568 3296 «Bene
585 3227 707 3296 habet:
725 3252 790 3295 non
811 3230 904 3297 irrita
923 3230 1014 3314 vovi,

91 3349 200 3416 Cerno
220 3371 335 3440 graves
352 3345 485 3434 oculos,
503 3362 601 3439 atque
618 3372 675 3416 ora
694 3349 838 3416 natantia
861 3344 934 3418 leto.

91 3469 164 3533 Huc
176 3465 292 3559 aliquis
306 3491 447 3561 propere
460 3481 624 3561 sceptrum
640 3484 738 3560 atque
754 3469 882 3563 insigne
898 3493 1086 3557 comarum,

91 3587 179 3652 Dum
198 3585 295 3654 videt.
309 3617 326 3652 a
341 3591 417 3656 Haec
433 3587 543 3656 dicens
561 3612 691 3681 gressus
705 3587 868 3674 admovit,
883 3604 916 3658 et
933 3615 1042 3676 arma,

91 3707 161 3773 Ceu
177 3703 307 3798 templis
324 3706 469 3776 decusat
488 3709 600 3802 patriae
618 3705 745 3776 laturus
762 3711 896 3791 ovanti,

90 3829 191 3891 Arma
210 3824 306 3891 etiam
324 3824 465 3918 spoliare
483 3829 596 3920 cupit:
615 3828 761 3896 nondum
780 3827 833 3896 ille
852 3832 991 3922 peractis

90 3942 264 4032 Manibus,
284 3942 415 4012 ultrices
434 3946 577 4013 animam
598 3949 748 4016 servabat
767 3950 801 4017 in
820 3951 895 4016 iras.

90 4066 202 4156 thue
220 4077 476 4159 superstantem,
494 4090 701 4158 pronumque
720 4069 754 4135 in
775 4080 906 4159 pectore
923 4071 1040 4156 sensit,
