2812 5258
103 470 134 527 l*-
148 472 214 533 113.)
421 467 629 524 THEBAIDOS
650 469 755 524 LIBER
779 471 800 523 Ι.
1068 463 1119 533 173

102 593 274 687 Fulgurat,
292 593 360 660 hec
377 594 453 659 vivo
469 616 584 658 manus
604 615 679 659 aera
697 591 846 658 verberat
861 589 975 682 hydro.

148 717 195 782 Ut
213 713 320 797 stetit,
339 710 478 802 abrupta
495 734 562 802 qua
578 709 739 802 plurimus
757 734 831 777 arce
849 709 1011 778 Cithaeron

100 833 253 899 Occurrit
271 828 369 915 coelo,
386 828 455 896 sera
474 827 567 895 sibila
582 830 672 895 crine
688 829 805 896 virenti

100 950 335 1043 Congeminat,
351 949 482 1040 signum
501 948 613 1032 terris,
631 945 719 1014 unde
734 948 840 1014 omnis
856 945 963 1015 Achaei

99 1071 168 1136 Ora
183 1069 280 1136 maris
298 1067 378 1152 late,
395 1065 612 1159 Pelopeiaque
630 1089 730 1158 regna
744 1064 912 1134 resultant.

99 1187 212 1257 Audiit
228 1199 260 1252 et
278 1183 405 1251 medius
422 1183 495 1251 coeli
514 1188 708 1268 Parnassus,
725 1197 757 1251 et
776 1208 869 1276 asper

99 1308 257 1387 Eurotas,
274 1303 472 1395 dubiamque
485 1303 567 1394 jugo
584 1301 696 1395 fragor
712 1301 843 1397 impulit
858 1305 967 1371 OEten

99 1427 136 1490 In
158 1422 261 1510 latus,
281 1437 313 1489 et
331 1422 468 1516 geminis
485 1423 539 1488 vix
555 1421 707 1488 fluctibus
726 1421 851 1489 obstitit
866 1421 1012 1490 Isthmos.

97 1541 172 1634 Ipsa
188 1566 285 1610 suum
302 1542 461 1635 genitrix,
478 1565 581 1611 curvo
600 1539 752 1633 delphine
768 1553 940 1634 vagantem

97 1661 245 1753 Arripuit
261 1661 376 1746 frenis,
394 1659 584 1753 gremioque
602 1658 785 1727 Palaemona
800 1660 927 1753 pressit.

146 1783 254 1870 Atque
272 1802 310 1844 ea
329 1777 472 1845 Cadmeo
487 1801 631 1869 praeceps
647 1778 703 1846 ubi
723 1777 833 1846 limine
848 1778 991 1872 primum

98 1896 273 1979 Constitit,
289 1907 481 1984 assuetaque
495 1894 606 1961 infecit
623 1897 709 1963 nube
728 1910 878 1990 penates,

98 2014 253 2080 Protinus
273 2011 403 2078 attoniti
424 2010 562 2078 fratrum
578 2012 638 2079 snb
653 2028 785 2105 pectore
802 2028 924 2099 motus,

98 2129 304 2222 Gentilisque
321 2130 448 2197 animos
466 2129 566 2197 subiit
581 2129 688 2216 luror,
704 2155 855 2226 aegraque
872 2129 952 2199 laetis

97 2249 241 2335 Invidia,
258 2263 357 2341 atque
373 2273 491 2342 parens
510 2248 577 2317 odii
592 2264 709 2318 metus.
724 2249 805 2319 Inde
820 2250 953 2343 regendi

95 2372 205 2436 Saevus
222 2392 313 2436 amor
327 2393 336 2435 :
350 2382 522 2460 ruptaeque
535 2369 642 2456 vicos,
656 2369 806 2461 jurisque
823 2368 955 2438 secundi

95 2488 245 2556 Ambitus
266 2488 456 2581 impatiens,
472 2501 504 2554 et
521 2510 649 2555 summo
667 2485 795 2556 dulcius
814 2511 917 2556 unum

95 2609 187 2673 Stare
203 2604 293 2694 loco,
315 2607 474 2698 sociisque
491 2630 598 2674 comes
613 2605 774 2675 discordia
790 2609 909 2700 regnis.

93 2724 216 2792 Sicubi
233 2723 374 2794 delectos
389 2749 449 2818 per
466 2738 559 2794 torva
575 2739 723 2794 armenta
739 2726 896 2818 juvencos

92 2842 242 2937 Agricola
259 2845 412 2939 imposito
430 2846 553 2913 sociare
566 2845 700 2914 allectat
717 2858 848 2912 aratro:

91 2961 142 3030 Illi
163 2962 390 3058 indignantes,
407 2965 481 3056 quis
496 2963 645 3032 nondum
661 2986 795 3032 vomere
812 2961 918 3030 multo

91 3083 203 3151 Ardua
220 3083 361 3151 nodosos
382 3085 492 3151 cervix
513 3082 680 3154 descendit
699 3084 732 3149 in
754 3106 876 3168 armos,

89 3201 127 3268 ln
145 3201 271 3270 diversa
290 3203 442 3290 trahunt,
459 3217 558 3296 atque
578 3203 679 3296 aequis
693 3199 824 3269 vincula
840 3198 952 3268 laxant

88 3321 238 3409 Viribus,
254 3337 287 3389 et
299 3323 392 3390 vario
406 3322 615 3391 confundunt
631 3302 733 3388 limite
747 3319 864 3389 sulcos.

136 3439 233 3507 Haud
249 3464 340 3509 secus
359 3441 535 3511 indomitos
552 3465 695 3535 praeceps
713 3439 876 3508 discordia
893 3439 1008 3508 fratres

90 3565 241 3653 Asperat.
260 3557 386 3627 Alterni
404 3560 529 3655 placuit
550 3561 612 3630 sub
631 3559 758 3656 legibus
775 3560 853 3628 anni

89 3677 210 3747 Exsilio
231 3693 359 3745 mutare
378 3678 502 3750 ducem.
520 3684 575 3751 Sic
587 3683 661 3775 jure
678 3679 823 3773 maligno

89 3801 269 3866 Fortunam
288 3797 428 3864 transire
442 3799 577 3890 jubent,
599 3815 638 3869 ut
658 3813 786 3895 sceptra
809 3813 973 3868 tenentem

88 3916 222 3986 Foedere
241 3917 399 4011 praecipiti
418 3940 544 4011 semper
563 3944 669 3989 novus
690 3932 826 4013 angeret
841 3919 945 3986 berea.

87 4042 165 4107 Hac
186 4037 272 4104 inter
291 4036 409 4105 fratres
428 4035 532 4131 pietas
549 4053 640 4107 erat:
657 4039 727 4105 haec
746 4059 840 4104 mora
857 4058 976 4130 pugnre
