2812 5258
312 434 368 509 296
674 432 965 489 ADNOTATIONES

350 544 488 601 Inhonnit
501 544 538 621 (r.
555 543 629 621 309).
644 547 779 600 «Leniter
791 547 916 602 insonuit
928 547 978 602 alis
998 549 1034 603 ab
1047 567 1111 605 acre
1130 556 1326 626 repercussis.
1342 584 1356 609 .

290 634 293 638 ’
310 641 409 694 Gnoss.
424 637 552 693 Bartbius
567 637 675 692 confert
692 639 790 692 Horat.
795 678 804 705 ‚
822 639 876 692 od.
891 656 914 707 1,
931 639 981 707 23,
996 637 1012 694 5
1028 656 1036 692 t

510 847 533 859 ..
549 846 556 859 .
570 808 700 858 Mobilibus
713 808 773 857 reris
784 807 906 860 inhorruit

484 892 605 941 Adventus
613 891 682 940 foliis.

309 1062 407 1117 Paullo
418 1070 483 1116 ante
491 1072 569 1114 astra
579 1070 717 1130 temperat
730 1076 785 1130 pro
798 1059 949 1132 splendore
958 1059 1078 1131 dictum,
1091 1081 1151 1118 non
1161 1082 1218 1137 pro
1232 1070 1350 1141 calore,

310 1162 341 1205 ut
358 1151 405 1206 alii
418 1150 565 1223 explicant.

351 1244 431 1297 Nunc
444 1243 568 1315 queritur
578 1261 627 1295 ceu
645 1242 729 1295 tarda
738 1240 825 1315 segre
844 1243 994 1313 dispendia
1014 1240 1052 1318 (v.
1068 1244 1145 1321 320).
1160 1248 1253 1305 Recte
1273 1252 1347 1309 Bar.

311 1335 406 1390 thius:
421 1359 433 1383 α
449 1336 580 1407 Ineptum
597 1332 667 1388 illud
682 1352 749 1397 ceu,
767 1344 794 1387 et
814 1333 977 1387 sententiam
990 1334 1149 1391 obfuscans.
1164 1338 1269 1397 Scribe
1289 1362 1348 1417 ope

312 1427 481 1500 optimarum
497 1426 628 1493 membr„
651 1442 714 1497 quae
738 1435 833 1497 aperte
852 1442 888 1477 eu
908 1424 1062 1496 praefernnt
1082 1446 1091 1481 e
1113 1428 1170 1483 «N.
1192 1432 1346 1503 queritur,

311 1517 385 1572 lreul
399 1517 492 1585 tarda,
506 1527 558 1571 etc.
569 1541 581 1565 ι»

350 1609 475 1681 Abnrpto
500 1610 560 1661 sole
588 1608 624 1678 (v.
649 1602 725 1679 325).
747 1606 820 1659 Nam
845 1606 887 1660 sol
914 1604 1056 1679 refugerat
1079 1606 1199 1679 aspicere
1224 1629 1342 1669 coenam

310 1699 442 1773 lbyestae.
459 1696 500 1754 Cf.
515 1695 601 1764 infra,
619 1715 656 1765 ιι,
675 1696 743 1765 184,
759 1695 810 1750 ubi
828 1698 879 1748 lue
892 1696 1023 1753 intercisa
1028 1738 1038 1764 ‚
1059 1708 1088 1753 et
1099 1716 1141 1768 tv,
1157 1698 1225 1770 307.

351 1791 481 1845 Gelidum
495 1798 659 1843 tenuaverat
671 1805 740 1841 aera
756 1784 793 1861 (v.
809 1785 889 1864 338).
909 1811 922 1837 α
936 1787 1000 1842 Diei
1016 1806 1066 1845 aer
1083 1790 1202 1846 crossia
1213 1804 1276 1863 est,
1293 1806 1344 1850 te-

310 1881 372 1936 nuis
389 1879 510 1935 noctis.»
525 1881 611 1935 Lacr.
630 1880 702 1946 Qua
715 1877 909 1950 interpretatio
928 1879 1073 1952 repudiari
1086 1898 1145 1935 non
1159 1880 1288 1941 debebat
1302 1907 1311 1941 ε
1328 1906 1346 1943 a

309 1972 462 2044 vaporibus
474 1970 548 2026 enim
562 1980 699 2045 purgatur
712 1988 759 2024 aer
773 1969 877 2042 frigore
890 1980 1041 2025 nocturno.

351 2064 486 2117 Erasinus
499 2060 536 2138 (v.
554 2059 672 2136 357).1s
691 2071 785 2114 ortum
801 2060 888 2114 habet
901 2078 936 2115 ex
954 2061 1018 2116 lacu
1036 2062 1164 2119 Arcadiae
1185 2066 1343 2143 Stymph.

310 2154 382 2221 lide,
403 2172 471 2207 mox
488 2163 562 2207 terra
584 2152 751 2219 occultatus,
777 2151 807 2204 in
820 2169 889 2225 agro
913 2152 1010 2225 argivo
1032 2152 1127 2209 denuo
1149 2159 1296 2231 erumpit,
1315 2172 1344 2217 et

309 2256 375 2318 post
400 2245 514 2299 brevem
545 2262 657 2298 cursum
684 2261 748 2296 cum
774 2242 887 2316 Phryxo
912 2242 1046 2299 miscetur
1069 2263 1171 2303 versus
1194 2250 1343 2309 inuidiam

311 2334 425 2391 fluente.
440 2335 538 2400 Ovio,
553 2336 687 2398 Metam,
703 2351 752 2404 xe,
768 2332 824 2403 276
844 2352 851 2385 t

429 2497 545 2547 Redditur
556 2496 662 2561 argolicis
671 2496 752 2559 ingens
763 2496 873 2546 Erasinm
883 2497 910 2547 in
919 2497 989 2564 agris.

309 2656 390 2709 Falso
404 2653 489 2727 igitur
500 2651 545 2706 hic
559 2648 661 2705 fluvius
675 2650 777 2705 dicitur
791 2670 901 2725 surgere
913 2655 954 2707 ad
967 2658 1063 2709 Arcas
1070 2674 1082 2721 ,·
1095 2666 1125 2712 at
1137 2658 1340 2717 alteratllra-

310 2745 385 2800 sinus
398 2743 546 2809 Achaicus,
562 2741 611 2814 qui
626 2760 737 2795 cursum
752 2740 788 2795 ad
801 2743 1020 2814 septentrionem
1029 2744 1133 2815 tendit,
1147 2746 1186 2803 ad
1194 2749 1298 2805 buram
1312 2751 1343 2805 in

309 2837 400 2889 sinum
421 2834 590 2898 corinthirun
611 2851 640 2887 se
660 2851 824 2887 exonerans.
844 2836 879 2888 Et
901 2835 976 2889 hunc
993 2836 1030 2890 ab
1050 2836 1141 2893 Statio
1164 2858 1230 2895 cum
1252 2844 1342 2897 altero

309 2944 366 2979 esse
388 2934 576 2996 permutatum
597 2923 732 2977 sententia
755 2935 795 2977 est
815 2924 944 2995 Cellarii,
967 2927 1065 3001 Geogr.
1088 2930 1193 3003 antiq„
1217 2934 1278 2987 vol.
1302 2953 1342 3005 u,

308 3034 336 3087 p.
356 3015 412 3087 982
437 3034 477 3087 sq.
493 3016 597 3068 Verum
619 3033 677 3067 non
697 3014 862 3089 negligenda
880 3015 926 3069 hie
943 3027 1004 3071 erat
1024 3016 1157 3073 codicum
1176 3018 1342 3093 fluctuatio,

309 3126 430 3178 quorum
445 3124 508 3179 pars
525 3108 560 3159 E.
576 3107 605 3158 in
627 3107 725 3158 uarias.
746 3110 840 3175 Quare
859 3117 934 3162 recte
955 3119 984 3162 et
1003 3126 1056 3180 pro
1075 3108 1191 3185 ingenio
1212 3114 1342 3171 Statiano

309 3199 448 3268 conjicere
469 3197 536 3253 milii
556 3198 654 3250 videor
668 3216 674 3250 :
688 3197 812 3269 «gelidas
834 3217 951 3273 surgens
964 3201 1009 3255 Er.
1025 3200 1063 3256 ad
1082 3220 1210 3269 auram
1229 3223 1247 3261 e
1268 3217 1343 3263 terr-a

308 3290 380 3353 scil,
394 3289 443 3342 ubi
462 3300 537 3342 tutus
555 3289 645 3343 suerat
659 3290 694 3342 ab
713 3289 851 3345 imbribus
870 3302 897 3345 et
917 3292 1139 3364 tempestatibus.

348 3380 503 3433 Larisaeus
521 3398 599 3449 apex
613 3378 648 3453 (v.
665 3378 740 3455 382).
762 3384 846 3435 «Arx
867 3392 908 3435 est
925 3382 1044 3438 civitatis
1060 3384 1177 3457 argivae,
1194 3406 1261 3461 qua
1280 3391 1341 3443 La·

308 3471 377 3523 aissa
392 3468 502 3523 elicitur.
520 3492 532 3514 u
548 3470 633 3523 Lacr.
649 3470 728 3524 ldem
742 3470 778 3524 ad
792 3490 819 3525 ν.
841 3471 895 3537 384
911 3491 918 3526 :
936 3474 1071 3529 Herculeo
1084 3475 1203 3547 signata
1212 3496 1344 3553 vapore:

306 3560 354 3615 «Si
369 3578 462 3614 veram
476 3578 630 3631 queramus
644 3560 801 3629 historiam,
817 3562 908 3616 Lerna
921 3564 1002 3634 palus
1015 3564 1081 3633 fuit;
1094 3583 1161 3638 quae
1174 3586 1270 3641 quum
1283 3570 1341 3625 fre-

306 3662 425 3722 quenter
434 3651 597 3717 siccaretur,
607 3662 634 3704 et
649 3651 742 3705 denuo
752 3652 916 3724 impleretur
925 3651 1021 3724 aquis,
1030 3656 1167 3711 Hercules
1175 3658 1342 3731 depreben-

305 3741 346 3795 dit
359 3760 443 3795 venas
454 3753 532 3795 terrae
546 3742 677 3796 incendio
695 3760 776 3814 posse
793 3744 944 3815 praeludi,
957 3756 1042 3818 atque
1054 3745 1136 3814 ideo,
1152 3760 1345 3827 posteaquam

305 3832 429 3885 exhausit
447 3850 521 3898 eam,
537 3833 628 3906 iguem
638 3833 780 3904 adhibuit,
795 3844 835 3903 et,
849 3835 871 3889 si
885 3853 941 3907 qua
955 3834 1031 3889 unda
1043 3840 1279 3911 prorumpebat,
1289 3843 1343 3899 ob-

304 3921 405 3976 struxit
424 3940 430 3973 :
446 3940 511 3976 narn
524 3926 648 3994 Hydram
663 3935 820 3979 monstrum
833 3926 933 3993 fuisse,
947 3934 995 3984 uini
1020 3940 1067 3983 τῶν
1088 3930 1191 3990 Μάτων
1206 3928 1266 4007 (ita
1281 3934 1344 3995 cod.

305 4009 401 4086 Paris.)
415 4012 513 4066 fabulae
527 4031 629 4067 nomeu
644 4014 773 4069 obtinuit
792 4040 803 4061 υ
817 4014 891 4068 Vide
905 4034 929 4068 rr
937 4056 945 4083 ,
962 4014 1017 4083 376
1033 4032 1074 4088 sq.
