2812 5258
92 462 202 524 (vast.)
395 462 605 516 THEBAIDOS
627 462 735 515 LIBER
755 461 803 514 xl.

92 589 214 671 Sensit,
227 601 260 655 et
276 590 406 657 OEtaeas
422 586 577 653 membris
592 584 747 652 accedere
765 599 881 667 vestes,
925 592 927 596 ’

89 709 175 774 Vota
192 707 321 799 incepta
339 719 463 790 tamen,
482 696 649 796 libataque
666 705 766 771 thura
781 703 903 771 ferebat

88 828 200 894 Durus
212 825 334 912 adhuc,
348 827 539 918 patiensque
555 822 648 909 mali,
662 848 739 891 mox
752 823 876 916 grande
890 837 1022 891 coactus

87 945 267 1037 Ingemuit,
286 945 455 1036 victorque
473 943 553 1011 furit
572 966 629 1035 per
648 943 772 1010 viscera
790 945 924 1012 Nessus.

87 1064 231 1131 Nuntius
249 1064 390 1131 exanimi
410 1086 585 1154 suspensus
604 1074 737 1153 pectora
755 1085 855 1129 cursu

88 1185 223 1275 AEpytus
239 1182 280 1251 ad
301 1207 428 1274 regem,
446 1194 549 1273 portae
567 1180 709 1247 statione
726 1178 857 1263 relicta,

85 1303 220 1389 Tendit,
239 1317 273 1369 et
291 1303 361 1368 haec
380 1299 510 1392 trepido
531 1299 584 1366 vix
606 1296 788 1367 intellectus
807 1297 961 1369 anhelat:

67 1452 102 1510 ¹u
119 1424 251 1513 Rumpe
266 1421 337 1512 pios
358 1416 481 1506 cultus,
504 1419 812 1511 intempestivoque,
831 1433 950 1504 rector,

85 1541 183 1617 Sacra
204 1542 338 1608 Deum:
357 1536 457 1607 frater
475 1539 578 1606 muris
596 1538 720 1606 circum
735 1538 890 1635 omnihus
910 1541 1027 1624 instat,

84 1663 325 1753 Portarumque
344 1684 451 1728 moras
471 1659 570 1728 frenis
591 1657 743 1747 assultat,
761 1676 794 1728 et
810 1660 926 1745 hastis,

83 1780 227 1848 Nomine
239 1794 269 1848 te
281 1780 412 1864 crebro,
424 1794 455 1847 te
465 1777 570 1848 solum
581 1780 614 1846 in
626 1778 741 1872 proelia
752 1803 898 1871 poscens.
911 1809 928 1844 >2

84 1896 179 1969 Fient
195 1901 301 1967 moesti
320 1914 411 1967 retro
426 1901 578 1984 comites,
596 1914 630 1966 et
648 1914 784 1990 uterque
800 1898 946 1991 loquenti

82 2017 250 2111 Adgemit‚
267 2033 302 2086 et
319 2014 422 2111 pulsis
440 2018 603 2085 exercitus
623 2017 782 2110 obstrepit
802 2019 910 2085 armis.

82 2135 142 2206 Ille
157 2135 272 2206 vocat!
290 2138 389 2205 Nunc
406 2152 535 2229 tempus
551 2152 638 2221 erat,
655 2151 744 2205 sator
760 2139 885 2232 optime
900 2139 1033 2206 Divum.

82 2256 174 2346 Quid
194 2258 315 2326 meruit
331 2255 553 2351 Capaneusln
570 2257 735 2325 Turbatus
753 2259 917 2326 inhorruit
934 2256 1008 2327 altis
1062 2260 1065 2265 ‘

83 2378 152 2444 Rex
174 2376 273 2459 odiis,
294 2375 466 2469 mediaque
482 2390 592 2444 tamen
608 2379 739 2471 gavisus
759 2379 858 2448 inira
878 2373 951 2448 est.¹

130 2497 183 2564 Sic
202 2497 259 2564 uhi
277 2510 431 2591 regnator
448 2513 522 2591 post
537 2496 657 2567 exsulis
676 2500 743 2567 otia
762 2501 865 2585 tauri,

82 2617 248 2709 Mugitum
266 2614 418 2685 hostilem
437 2641 564 2685 summa
581 2617 655 2684 tulit
674 2643 753 2687 aure
768 2620 946 2710 juvencus,

81 2736 288 2828 Agnovitque
304 2736 425 2821 minas,
445 2757 564 2826 magna
579 2750 643 2802 stat
659 2735 803 2804 fervidus
820 2738 868 2804 ira

81 2856 168 2922 Ante
178 2878 328 2947 gregem,
344 2856 532 2947 spumisque
544 2855 671 2922 animos
684 2854 875 2923 ardentibus
888 2854 1000 2934 effert,

81 2973 178 3041 Nunc
190 2972 271 3066 pede
281 2989 393 3042 torvus
405 2975 560 3057 humum,
573 2999 661 3042 nunc
670 2975 825 3042 cornibus
836 2999 911 3042 aera
923 2974 1060 3043 findens.

81 3095 201 3160 Horret
221 3117 309 3186 ager,
331 3094 529 3187 trepidaeque
545 3109 731 3187 exspectant
751 3092 866 3186 proelia
883 3092 990 3162 valles.

128 3213 206 3279 Non
224 3211 343 3281 desunt
359 3215 428 3305 regi
445 3215 604 3282 comites:
624 3241 640 3275 u
653 3215 743 3296 Sine,
761 3215 879 3281 moenia
897 3213 1006 3307 pulset

80 3332 196 3399 Irritus
214 3359 221 3397 :
242 3329 295 3400 ille
314 3346 422 3400 autem
442 3331 550 3401 fractis
567 3335 633 3401 huc
649 3332 769 3401 audeat
786 3358 890 3426 usque

80 3451 236 3520 Viribus?
255 3454 309 3521 hic
326 3455 451 3521 miseris
470 3453 563 3521 furor
580 3469 630 3521 est
648 3454 769 3522 instare
788 3452 926 3546 periclo,

80 3569 150 3636 Nec
168 3567 288 3639 librare
306 3587 426 3658 metus,
446 3588 478 3641 et
494 3588 566 3641 tuta
586 3572 715 3642 odisse:
736 3576 851 3642 resiste

80 3691 151 3756 Hoc
171 3686 273 3755 fretus
291 3691 395 3760 solio:
414 3719 473 3762 nos
492 3691 757 3787 propulsabimus
773 3694 908 3763 hostem.

80 3810 148 3875 Hos
168 3805 287 3876 bellare
301 3810 389 3899 jube.
406 3843 422 3874 »
443 3813 496 3880 Sic
516 3814 665 3905 proxima
684 3815 800 3896 turba;
821 3814 878 3882 sed
897 3815 1014 3883 ardens

80 3927 165 3995 Ecce
183 3928 296 3995 aderat
316 3927 421 4012 luctu,
442 3930 656 4023 dicturusque
673 3934 782 4000 omnia
800 3931 877 4000 belli

80 4046 246 4114 Libertate
260 4051 367 4117 Creon
384 4073 390 4115 :
411 4049 476 4115 urit
494 4048 561 4116 fera
578 4049 678 4118 cordo
695 4054 906 4119 Menoeceus:
