2812 5258
311 471 368 529 ato
611 458 819 512 THEBAIDOS
840 455 950 509 LIBER
968 454 1021 507 111.
1231 452 1363 514 (toas.)

312 586 434 656 Elicior
453 583 596 653 tcncbris
615 607 623 648 ε
639 580 703 648 alio
721 581 800 647 milri
818 579 929 647 debita
946 577 1012 645 fato

314 711 450 775 Summa
469 702 551 789 dies,
570 703 773 792 vetitumque
791 698 863 766 dari
881 693 1075 766 mortalibus
1092 696 1203 763 armis.

315 826 377 896 Sed
400 851 452 894 me
467 839 574 892 vcstcr
593 847 701 908 amor,
718 821 905 911 nimiusque
920 841 1042 885 arcana
1059 816 1180 909 profari

315 945 455 1014 Phoebus
467 944 535 1036 agit
548 968 555 1008 :
570 941 661 1009 vobis
671 955 825 1024 ventura,
839 953 938 1029 atque
951 960 1063 1022 omne,
1079 934 1169 1027 quod
1180 934 1277 1003 ultra
1292 953 1362 1023 est,

315 1063 460 1132 Pandere
476 1075 611 1129 moestus
631 1085 670 1127 eo
686 1086 694 1127 ε
710 1084 786 1127 nam
805 1073 853 1139 te,
870 1081 1007 1140 vesane,
1024 1055 1150 1123 moneri

315 1186 401 1251 Ante
418 1181 525 1267 nefas,
542 1182 665 1272 unique
685 1179 757 1246 silct
776 1179 835 1245 tibi
856 1191 967 1244 noster
985 1172 1116 1268 Apollo.

318 1304 395 1389 Quo
414 1300 541 1387 miseri,
555 1301 644 1366 Fatis
660 1299 858 1391 superisque
873 1296 1099 1379 obstantibus,
1117 1320 1229 1382 arma,

317 1424 394 1510 Quo
415 1417 551 1512 rapitis?
568 1442 641 1510 quae
658 1442 717 1484 vos
733 1418 908 1485 Furiarum
925 1415 1061 1483 verbera
1077 1438 1182 1483 caecos

318 1537 519 1631 Exagitant?
534 1535 659 1603 adeone
676 1537 862 1603 animarum
879 1533 998 1602 taedet?
1014 1548 1047 1602 et
1064 1536 1174 1628 Argos

320 1655 438 1725 Exosi?
456 1654 502 1722 nil
521 1652 616 1722 dulce
629 1652 739 1722 domi?
754 1653 845 1721 nulla
859 1654 971 1723 omina
987 1652 1099 1721 curae?

322 1774 414 1863 Quid
434 1799 486 1841 me
503 1775 613 1843 Persei
633 1788 757 1841 secreta
776 1773 817 1840 ad
834 1772 980 1842 culmina
995 1774 1119 1842 montis

319 1902 373 1963 Ire
391 1894 496 1988 gradu
512 1892 641 1986 trepido
662 1917 864 1985 superosque
881 1894 1065 1987 irrumpere
1079 1908 1188 1963 ooetus

323 2013 460 2107 Egistis?
478 2015 569 2105 potui
587 2014 709 2103 pariter
729 2014 869 2098 nescire,
888 2014 961 2105 quis
978 2014 1078 2082 armis

323 2138 444 2218 Casus,
461 2148 494 2200 et
510 2148 582 2200 atra
600 2132 685 2219 dies,
702 2158 774 2226 quae
792 2134 849 2201 sati
864 2133 998 2202 exordia
1014 2135 1161 2221 cunctis,

325 2254 409 2338 Quae
428 2254 508 2321 mihi
527 2279 535 2319 :
556 2252 697 2320 consulti
715 2268 818 2321 testor
835 2252 1016 2346 penetralia
1034 2253 1175 2337 mundi,

326 2375 368 2439 Et
390 2371 561 2439 volucrum
578 2372 716 2458 affatus,
734 2386 768 2438 et
786 2386 836 2458 te,
854 2366 1065 2466 Thymbraee,
1085 2377 1222 2445 vocanti

325 2492 402 2560 Non
421 2487 500 2557 alias
516 2505 583 2557 tam
604 2514 685 2557 saeve
702 2491 798 2578 milri,
817 2516 888 2583 quae
904 2495 996 2586 signa
1012 2493 1118 2561 futuri

325 2609 520 2679 Pertulerim
539 2608 630 2676 :vidi
648 2610 789 2701 ingentis
807 2626 960 2704 portenta
976 2614 1104 2682 ruinae:

326 2730 403 2798 Vidi
416 2731 600 2816 hominum,
618 2730 808 2822 Divumque
823 2729 926 2816 nefas,
941 2729 1147 2828 hilaremque
1161 2736 1355 2829 Megaram,

326 2853 369 2917 Et
386 2850 555 2917 Inchesim
573 2851 664 2944 putri
686 2866 880 2919 vacuantem
897 2852 1012 2921 saecula
1030 2878 1146 2948 penso.

375 2999 392 3032 a
408 2970 561 3061 Projicite
577 2996 667 3039 arma
685 2996 796 3039 manu.
814 2976 904 3042 Deus
922 2998 999 3042 ecco
1017 2973 1206 3046 furentibus
1223 2977 1355 3046 obstat:

327 3093 411 3158 Ecce
431 3093 540 3179 Deus3
556 3091 666 3158 miseri
686 3091 766 3182 quid
782 3090 956 3184 pulchrum
972 3096 1132 3188 sauguine
1147 3096 1240 3166 victo

328 3210 469 3278 Aoniam
488 3224 520 3277 et
538 3210 600 3277 diri
619 3227 765 3279 saturare
781 3212 910 3281 novalia
927 3212 1067 3282 Cadmi?

287 3302 293 3313 Ι
330 3326 393 3395 Sed
409 3327 489 3419 quid
506 3353 588 3396 vana
609 3330 714 3397 cano?
729 3331 808 3423 quid
824 3332 906 3400 fixos
922 3359 1018 3402 arceo
1033 3336 1150 3404 casus?

329 3446 463 3513 lbimus.
479 3475 494 3508 a
511 3448 573 3514 Hic
587 3473 698 3540 presso
717 3454 840 3544 gemuit
856 3453 951 3519 simul
971 3479 1028 3522 ore
1047 3456 1214 3527 sacerdos.

376 3562 476 3632 Illum
485 3565 605 3633 iterum
618 3570 792 3660 Capaneus
806 3597 814 3636 ε
831 3573 946 3639 «Tuus
960 3600 980 3641 0
994 3575 1095 3662 furor,
1113 3600 1239 3672 augur,
1253 3594 1290 3649 et
1307 3581 1361 3649 uni

328 3688 396 3754 Ista
413 3686 490 3770 tibi,
507 3700 544 3753 ut
564 3709 671 3753 serves
689 3712 809 3756 vacuos
826 3690 985 3783 inglorius
1000 3699 1129 3789 Argos:

329 3809 373 3876 Et
389 3820 445 3873 tua
465 3832 693 3900 nonunquam
714 3810 903 3901 Tyrrhenus
923 3829 1071 3909 tempora
1089 3818 1221 3895 circum

331 3924 476 4019 Claugor
495 3942 568 3995 eat:
586 3928 667 4019 quid
692 3944 767 3997 vota
783 3932 890 3999 virum
909 3933 1042 4003 meliora
1060 3938 1225 4009 moraris?

332 4044 464 4113 Scilicet
485 4062 523 4115 ut
538 4048 628 4117 vanis
644 4049 776 4137 avibus,
797 4067 958 4144 natoque,
975 4054 1154 4149 domoque,
