<?xml version="1.0" encoding="UTF-8"?>
<!DOCTYPE html PUBLIC "-//W3C//DTD XHTML 1.0 Transitional//EN"
    "http://www.w3.org/TR/xhtml1/DTD/xhtml1-transitional.dtd">
<html xmlns="http://www.w3.org/1999/xhtml" xml:lang="en" lang="en">
 <head>
  <title>
</title>
<meta http-equiv="Content-Type" content="text/html;charset=utf-8" />
  <meta name='ocr-system' content='tesseract 3.04.00' />
  <meta name='ocr-capabilities' content='ocr_page ocr_carea ocr_par ocr_line ocrx_word'/>
</head>
<body>
  <div class='ocr_page' id='page_1' title='image "./publiipapiniist01statgoog_0508.png"; bbox 0 0 2812 5258; ppageno 0'>
   <div class='ocr_carea' id='block_1_1' title="bbox 67 365 1094 474">
    <p class='ocr_par' dir='ltr' id='par_1_1' title="bbox 67 365 1094 474">
     <span class='ocr_line' id='line_1_1' title="bbox 67 365 1094 474; baseline 0.01 -17"><span class='ocrx_word' id='word_1_1' title='bbox 67 411 179 474; x_wconf 55' lang='lat' dir='ltr'>(eus.)</span> <span class='ocrx_word' id='word_1_2' title='bbox 262 365 266 371; x_wconf 38' lang='lat'><strong><em>¹</em></strong></span> <span class='ocrx_word' id='word_1_3' title='bbox 374 409 586 467; x_wconf 79' lang='lat' dir='ltr'>ruensmos</span> <span class='ocrx_word' id='word_1_4' title='bbox 609 408 718 463; x_wconf 85' lang='lat' dir='ltr'>menn</span> <span class='ocrx_word' id='word_1_5' title='bbox 737 409 786 462; x_wconf 75' lang='lat' dir='ltr'>iu.</span> <span class='ocrx_word' id='word_1_6' title='bbox 1041 416 1094 468; x_wconf 60' lang='grc' dir='ltr'>απ»</span> 
     </span>
    </p>
   </div>
   <div class='ocr_carea' id='block_1_2' title="bbox 62 532 1050 4095">
    <p class='ocr_par' dir='ltr' id='par_1_2' title="bbox 62 532 1050 4095">
     <span class='ocr_line' id='line_1_2' title="bbox 66 532 967 623; baseline -0.001 -22"><span class='ocrx_word' id='word_1_7' title='bbox 66 537 106 602; x_wconf 87' lang='lat' dir='ltr'>ln</span> <span class='ocrx_word' id='word_1_8' title='bbox 123 550 155 603; x_wconf 90' lang='lat' dir='ltr'>te</span> <span class='ocrx_word' id='word_1_9' title='bbox 172 533 290 603; x_wconf 84' lang='lat' dir='ltr'>ardens</span> <span class='ocrx_word' id='word_1_10' title='bbox 311 533 411 601; x_wconf 79' lang='lat' dir='ltr'>frater</span> <span class='ocrx_word' id='word_1_11' title='bbox 427 532 566 617; x_wconf 87' lang='lat' dir='ltr'>ferrum,</span> <span class='ocrx_word' id='word_1_12' title='bbox 586 548 792 623; x_wconf 87' lang='lat' dir='ltr'>mortemque</span> <span class='ocrx_word' id='word_1_13' title='bbox 811 534 967 618; x_wconf 87' lang='lat' dir='ltr'>minatur,</span> 
     </span>
     <span class='ocr_line' id='line_1_3' title="bbox 66 649 1010 748; baseline -0.01 -25"><span class='ocrx_word' id='word_1_14' title='bbox 66 655 224 747; x_wconf 63' lang='lat' dir='ltr'>Saevaque</span> <span class='ocrx_word' id='word_1_15' title='bbox 242 667 412 748; x_wconf 84' lang='lat' dir='ltr'>portarum</span> <span class='ocrx_word' id='word_1_16' title='bbox 429 649 586 720; x_wconf 88' lang='lat' dir='ltr'>convellit</span> <span class='ocrx_word' id='word_1_17' title='bbox 603 649 762 734; x_wconf 86' lang='lat' dir='ltr'>claustra,</span> <span class='ocrx_word' id='word_1_18' title='bbox 782 675 842 719; x_wconf 88' lang='lat' dir='ltr'>uec</span> <span class='ocrx_word' id='word_1_19' title='bbox 860 653 983 721; x_wconf 78' lang='lat' dir='ltr'>audes?</span> <span class='ocrx_word' id='word_1_20' title='bbox 995 683 1010 715; x_wconf 73' lang='grc' dir='ltr'>ι)</span> 
     </span>
     <span class='ocr_line' id='line_1_4' title="bbox 113 771 947 866; baseline -0.004 -24"><span class='ocrx_word' id='word_1_21' title='bbox 113 775 167 843; x_wconf 79' lang='lat' dir='ltr'>stc</span> <span class='ocrx_word' id='word_1_22' title='bbox 183 788 275 866; x_wconf 87' lang='lat' dir='ltr'>pater</span> <span class='ocrx_word' id='word_1_23' title='bbox 291 771 497 859; x_wconf 81' lang='lat' dir='ltr'>infrendens,</span> <span class='ocrx_word' id='word_1_24' title='bbox 517 773 700 863; x_wconf 88' lang='lat' dir='ltr'>miseraque</span> <span class='ocrx_word' id='word_1_25' title='bbox 715 786 870 843; x_wconf 80' lang='lat' dir='ltr'>exaestuat</span> <span class='ocrx_word' id='word_1_26' title='bbox 887 775 947 840; x_wconf 87' lang='lat' dir='ltr'>ira.</span> 
     </span>
     <span class='ocr_line' id='line_1_5' title="bbox 65 889 977 984; baseline 0 -23"><span class='ocrx_word' id='word_1_27' title='bbox 65 891 126 962; x_wconf 86' lang='lat' dir='ltr'>lile</span> <span class='ocrx_word' id='word_1_28' title='bbox 140 894 201 962; x_wconf 91' lang='lat' dir='ltr'>sub</span> <span class='ocrx_word' id='word_1_29' title='bbox 217 893 286 963; x_wconf 80' lang='lat' dir='ltr'>lucc</span> <span class='ocrx_word' id='word_1_30' title='bbox 300 917 308 959; x_wconf 91' lang='lat'><strong>:</strong></span> <span class='ocrx_word' id='word_1_31' title='bbox 323 922 339 956; x_wconf 80' lang='lat' dir='ltr'>u</span> <span class='ocrx_word' id='word_1_32' title='bbox 352 893 429 963; x_wconf 88' lang='lat' dir='ltr'>Non</span> <span class='ocrx_word' id='word_1_33' title='bbox 445 889 548 977; x_wconf 83' lang='lat' dir='ltr'>saltis,</span> <span class='ocrx_word' id='word_1_34' title='bbox 565 893 628 978; x_wconf 89' lang='lat' dir='ltr'>ait,</span> <span class='ocrx_word' id='word_1_35' title='bbox 646 905 753 961; x_wconf 89' lang='lat' dir='ltr'>necte</span> <span class='ocrx_word' id='word_1_36' title='bbox 769 890 890 984; x_wconf 86' lang='lat' dir='ltr'>inclyta</span> <span class='ocrx_word' id='word_1_37' title='bbox 909 896 977 961; x_wconf 85' lang='lat' dir='ltr'>nati</span> 
     </span>
     <span class='ocr_line' id='line_1_6' title="bbox 65 1009 1050 1103; baseline -0.006 -20"><span class='ocrx_word' id='word_1_38' title='bbox 65 1015 145 1083; x_wconf 84' lang='lat' dir='ltr'>Fntn</span> <span class='ocrx_word' id='word_1_39' title='bbox 164 1027 322 1083; x_wconf 85' lang='lat' dir='ltr'>movent:</span> <span class='ocrx_word' id='word_1_40' title='bbox 340 1036 459 1084; x_wconf 87' lang='lat' dir='ltr'>canere</span> <span class='ocrx_word' id='word_1_41' title='bbox 476 1009 533 1079; x_wconf 80' lang='lat' dir='ltr'>itta</span> <span class='ocrx_word' id='word_1_42' title='bbox 550 1025 693 1103; x_wconf 88' lang='lat' dir='ltr'>patrem,</span> <span class='ocrx_word' id='word_1_43' title='bbox 714 1025 747 1078; x_wconf 90' lang='lat' dir='ltr'>et</span> <span class='ocrx_word' id='word_1_44' title='bbox 760 1012 886 1102; x_wconf 87' lang='lat' dir='ltr'>jactare</span> <span class='ocrx_word' id='word_1_45' title='bbox 901 1011 1050 1081; x_wconf 79' lang='lat' dir='ltr'>decebat.</span> 
     </span>
     <span class='ocr_line' id='line_1_7' title="bbox 65 1127 983 1226; baseline -0.004 -23"><span class='ocrx_word' id='word_1_46' title='bbox 65 1131 129 1203; x_wconf 84' lang='lat' dir='ltr'>Sed</span> <span class='ocrx_word' id='word_1_47' title='bbox 147 1158 219 1226; x_wconf 90' lang='lat' dir='ltr'>spes</span> <span class='ocrx_word' id='word_1_48' title='bbox 237 1133 298 1200; x_wconf 92' lang='lat' dir='ltr'>sub</span> <span class='ocrx_word' id='word_1_49' title='bbox 316 1129 486 1223; x_wconf 82' lang='lat' dir='ltr'><strong>lacrymis,</strong></span> <span class='ocrx_word' id='word_1_50' title='bbox 503 1154 576 1223; x_wconf 86' lang='lat' dir='ltr'>spes</span> <span class='ocrx_word' id='word_1_51' title='bbox 596 1144 696 1222; x_wconf 90' lang='lat' dir='ltr'>atque</span> <span class='ocrx_word' id='word_1_52' title='bbox 714 1127 842 1198; x_wconf 89' lang='lat' dir='ltr'>occulta</span> <span class='ocrx_word' id='word_1_53' title='bbox 863 1132 983 1224; x_wconf 90' lang='lat' dir='ltr'>cupido</span> 
     </span>
     <span class='ocr_line' id='line_1_8' title="bbox 64 1248 823 1341; baseline -0.003 -22"><span class='ocrx_word' id='word_1_54' title='bbox 64 1253 123 1319; x_wconf 85' lang='lat' dir='ltr'>His</span> <span class='ocrx_word' id='word_1_55' title='bbox 142 1250 243 1320; x_wconf 83' lang='lat' dir='ltr'>latet:</span> <span class='ocrx_word' id='word_1_56' title='bbox 266 1252 383 1318; x_wconf 86' lang='lat' dir='ltr'>insano</span> <span class='ocrx_word' id='word_1_57' title='bbox 401 1248 577 1341; x_wconf 76' lang='lat' dir='ltr'>praetendis</span> <span class='ocrx_word' id='word_1_58' title='bbox 596 1248 712 1317; x_wconf 85' lang='lat' dir='ltr'>funera</span> <span class='ocrx_word' id='word_1_59' title='bbox 731 1262 823 1330; x_wconf 83' lang='lat' dir='ltr'>voto,</span> 
     </span>
     <span class='ocr_line' id='line_1_9' title="bbox 64 1368 990 1464; baseline 0 -25"><span class='ocrx_word' id='word_1_60' title='bbox 64 1373 187 1464; x_wconf 83' lang='lat' dir='ltr'><strong>Meque</strong></span> <span class='ocrx_word' id='word_1_61' title='bbox 205 1370 327 1463; x_wconf 89' lang='lat' dir='ltr'>premis</span> <span class='ocrx_word' id='word_1_62' title='bbox 345 1368 484 1455; x_wconf 84' lang='lat' dir='ltr'>frustra,</span> <span class='ocrx_word' id='word_1_63' title='bbox 503 1392 613 1438; x_wconf 83' lang='lat' dir='ltr'>vacuae</span> <span class='ocrx_word' id='word_1_64' title='bbox 631 1393 690 1437; x_wconf 91' lang='lat' dir='ltr'>ceu</span> <span class='ocrx_word' id='word_1_65' title='bbox 710 1371 880 1462; x_wconf 79' lang='lat' dir='ltr'>proximus</span> <span class='ocrx_word' id='word_1_66' title='bbox 898 1370 990 1439; x_wconf 86' lang='lat' dir='ltr'>aulae.</span> 
     </span>
     <span class='ocr_line' id='line_1_10' title="bbox 63 1487 893 1581; baseline -0.002 -21"><span class='ocrx_word' id='word_1_67' title='bbox 63 1493 141 1560; x_wconf 87' lang='lat' dir='ltr'>Non</span> <span class='ocrx_word' id='word_1_68' title='bbox 163 1492 207 1558; x_wconf 90' lang='lat' dir='ltr'>ita</span> <span class='ocrx_word' id='word_1_69' title='bbox 230 1488 400 1557; x_wconf 86' lang='lat' dir='ltr'>Sidoniam</span> <span class='ocrx_word' id='word_1_70' title='bbox 421 1487 556 1557; x_wconf 79' lang='lat' dir='ltr'>fortuna</span> <span class='ocrx_word' id='word_1_71' title='bbox 573 1487 742 1581; x_wconf 81' lang='lat' dir='ltr'>reliquerit</span> <span class='ocrx_word' id='word_1_72' title='bbox 762 1489 893 1575; x_wconf 89' lang='lat' dir='ltr'>urbem,</span> 
     </span>
     <span class='ocr_line' id='line_1_11' title="bbox 64 1607 983 1703; baseline 0.001 -25"><span class='ocrx_word' id='word_1_73' title='bbox 64 1614 104 1678; x_wconf 88' lang='lat' dir='ltr'>In</span> <span class='ocrx_word' id='word_1_74' title='bbox 124 1627 156 1678; x_wconf 89' lang='lat' dir='ltr'>te</span> <span class='ocrx_word' id='word_1_75' title='bbox 176 1624 213 1678; x_wconf 87' lang='lat' dir='ltr'>nt</span> <span class='ocrx_word' id='word_1_76' title='bbox 231 1624 358 1702; x_wconf 86' lang='lat' dir='ltr'>sceptra</span> <span class='ocrx_word' id='word_1_77' title='bbox 377 1607 515 1695; x_wconf 79' lang='lat' dir='ltr'>cadant,</span> <span class='ocrx_word' id='word_1_78' title='bbox 537 1623 630 1679; x_wconf 84' lang='lat' dir='ltr'>tanto</span> <span class='ocrx_word' id='word_1_79' title='bbox 645 1609 875 1703; x_wconf 73' lang='lat' dir='ltr'>indignissime</span> <span class='ocrx_word' id='word_1_80' title='bbox 894 1626 983 1679; x_wconf 83' lang='lat' dir='ltr'>nato.</span> 
     </span>
     <span class='ocr_line' id='line_1_12' title="bbox 64 1727 944 1822; baseline 0.002 -24"><span class='ocrx_word' id='word_1_81' title='bbox 64 1732 133 1798; x_wconf 89' lang='lat' dir='ltr'>Nec</span> <span class='ocrx_word' id='word_1_82' title='bbox 152 1729 232 1797; x_wconf 88' lang='lat' dir='ltr'>mihi</span> <span class='ocrx_word' id='word_1_83' title='bbox 251 1728 395 1799; x_wconf 89' lang='lat' dir='ltr'>difficilis</span> <span class='ocrx_word' id='word_1_84' title='bbox 412 1752 555 1822; x_wconf 77' lang='lat' dir='ltr'>praesens</span> <span class='ocrx_word' id='word_1_85' title='bbox 572 1727 741 1798; x_wconf 85' lang='lat' dir='ltr'>vindicta:</span> <span class='ocrx_word' id='word_1_86' title='bbox 760 1729 818 1798; x_wconf 89' lang='lat' dir='ltr'>sed</span> <span class='ocrx_word' id='word_1_87' title='bbox 836 1755 944 1812; x_wconf 87' lang='lat' dir='ltr'>arma,</span> 
     </span>
     <span class='ocr_line' id='line_1_13' title="bbox 63 1847 896 1943; baseline 0 -24"><span class='ocrx_word' id='word_1_88' title='bbox 63 1854 163 1919; x_wconf 81' lang='lat' dir='ltr'>Arma</span> <span class='ocrx_word' id='word_1_89' title='bbox 178 1851 272 1943; x_wconf 88' lang='lat' dir='ltr'>prius</span> <span class='ocrx_word' id='word_1_90' title='bbox 288 1847 402 1918; x_wconf 88' lang='lat' dir='ltr'>famuli</span> <span class='ocrx_word' id='word_1_91' title='bbox 420 1874 427 1915; x_wconf 92' lang='lat'><strong>:</strong></span> <span class='ocrx_word' id='word_1_92' title='bbox 447 1864 564 1919; x_wconf 85' lang='lat' dir='ltr'>coeant</span> <span class='ocrx_word' id='word_1_93' title='bbox 581 1852 615 1917; x_wconf 88' lang='lat' dir='ltr'>in</span> <span class='ocrx_word' id='word_1_94' title='bbox 632 1847 748 1943; x_wconf 87' lang='lat' dir='ltr'>proelia</span> <span class='ocrx_word' id='word_1_95' title='bbox 769 1850 896 1919; x_wconf 83' lang='lat' dir='ltr'>iratres.</span> 
     </span>
     <span class='ocr_line' id='line_1_14' title="bbox 63 1966 913 2062; baseline 0.002 -26"><span class='ocrx_word' id='word_1_96' title='bbox 63 1966 146 2036; x_wconf 85' lang='lat' dir='ltr'>Vult</span> <span class='ocrx_word' id='word_1_97' title='bbox 164 1969 304 2062; x_wconf 83' lang='lat' dir='ltr'>gemitus</span> <span class='ocrx_word' id='word_1_98' title='bbox 322 1967 424 2037; x_wconf 90' lang='lat' dir='ltr'>lenire</span> <span class='ocrx_word' id='word_1_99' title='bbox 442 1969 562 2037; x_wconf 90' lang='lat' dir='ltr'>Creon.</span> <span class='ocrx_word' id='word_1_100' title='bbox 580 1971 727 2038; x_wconf 89' lang='lat' dir='ltr'>Lucrare</span> <span class='ocrx_word' id='word_1_101' title='bbox 743 1968 913 2038; x_wconf 83' lang='lat' dir='ltr'>furorem:</span> 
     </span>
     <span class='ocr_line' id='line_1_15' title="bbox 69 2085 929 2182; baseline 0.001 -27"><span class='ocrx_word' id='word_1_102' title='bbox 69 2087 198 2156; x_wconf 79' lang='lat' dir='ltr'>Victori</span> <span class='ocrx_word' id='word_1_103' title='bbox 217 2085 299 2155; x_wconf 90' lang='lat' dir='ltr'>mihi</span> <span class='ocrx_word' id='word_1_104' title='bbox 318 2101 437 2156; x_wconf 90' lang='lat' dir='ltr'>cuncta</span> <span class='ocrx_word' id='word_1_105' title='bbox 456 2085 535 2160; x_wconf 84' lang='lat' dir='ltr'>lues.</span> <span class='ocrx_word' id='word_1_106' title='bbox 549 2117 565 2150; x_wconf 78' lang='lat' dir='ltr'>u</span> <span class='ocrx_word' id='word_1_107' title='bbox 583 2088 637 2157; x_wconf 92' lang='lat' dir='ltr'>Sic</span> <span class='ocrx_word' id='word_1_108' title='bbox 652 2089 762 2182; x_wconf 83' lang='lat' dir='ltr'>jurgia</span> <span class='ocrx_word' id='word_1_109' title='bbox 779 2086 929 2182; x_wconf 86' lang='lat' dir='ltr'>paullum</span> 
     </span>
     <span class='ocr_line' id='line_1_16' title="bbox 62 2204 1020 2303; baseline 0.004 -28"><span class='ocrx_word' id='word_1_110' title='bbox 62 2204 218 2291; x_wconf 81' lang='lat' dir='ltr'>Distulit,</span> <span class='ocrx_word' id='word_1_111' title='bbox 229 2222 328 2300; x_wconf 89' lang='lat' dir='ltr'>atque</span> <span class='ocrx_word' id='word_1_112' title='bbox 337 2230 464 2293; x_wconf 82' lang='lat' dir='ltr'>ensem,</span> <span class='ocrx_word' id='word_1_113' title='bbox 474 2230 573 2299; x_wconf 89' lang='lat' dir='ltr'>quem</span> <span class='ocrx_word' id='word_1_114' title='bbox 584 2208 655 2299; x_wconf 86' lang='lat' dir='ltr'>jam</span> <span class='ocrx_word' id='word_1_115' title='bbox 667 2206 765 2276; x_wconf 86' lang='lat' dir='ltr'>dabat</span> <span class='ocrx_word' id='word_1_116' title='bbox 774 2210 841 2295; x_wconf 87' lang='lat' dir='ltr'>ira,</span> <span class='ocrx_word' id='word_1_117' title='bbox 856 2212 1020 2303; x_wconf 84' lang='lat' dir='ltr'>repressit.</span> 
     </span>
     <span class='ocr_line' id='line_1_17' title="bbox 63 2325 820 2420; baseline 0.004 -26"><span class='ocrx_word' id='word_1_118' title='bbox 63 2330 154 2396; x_wconf 91' lang='lat' dir='ltr'>Ictus</span> <span class='ocrx_word' id='word_1_119' title='bbox 171 2340 207 2395; x_wconf 92' lang='lat' dir='ltr'>ut</span> <span class='ocrx_word' id='word_1_120' title='bbox 226 2328 353 2396; x_wconf 90' lang='lat' dir='ltr'>incerto</span> <span class='ocrx_word' id='word_1_121' title='bbox 374 2328 512 2419; x_wconf 82' lang='lat' dir='ltr'>pastoris</span> <span class='ocrx_word' id='word_1_122' title='bbox 531 2325 667 2396; x_wconf 85' lang='lat' dir='ltr'>vulnere</span> <span class='ocrx_word' id='word_1_123' title='bbox 685 2351 820 2420; x_wconf 84' lang='lat' dir='ltr'>serpens</span> 
     </span>
     <span class='ocr_line' id='line_1_18' title="bbox 63 2444 822 2540; baseline 0.003 -25"><span class='ocrx_word' id='word_1_124' title='bbox 63 2447 210 2540; x_wconf 83' lang='lat' dir='ltr'>Erigitur</span> <span class='ocrx_word' id='word_1_125' title='bbox 225 2470 321 2540; x_wconf 78' lang='lat' dir='ltr'>gyro,</span> <span class='ocrx_word' id='word_1_126' title='bbox 340 2444 542 2540; x_wconf 80' lang='lat' dir='ltr'>longumque</span> <span class='ocrx_word' id='word_1_127' title='bbox 559 2470 577 2514; x_wconf 91' lang='lat' dir='ltr'>e</span> <span class='ocrx_word' id='word_1_128' title='bbox 594 2471 733 2540; x_wconf 87' lang='lat' dir='ltr'>corpore</span> <span class='ocrx_word' id='word_1_129' title='bbox 752 2462 822 2517; x_wconf 87' lang='lat' dir='ltr'>toto</span> 
     </span>
     <span class='ocr_line' id='line_1_19' title="bbox 65 2563 874 2659; baseline 0.005 -25"><span class='ocrx_word' id='word_1_130' title='bbox 65 2567 165 2636; x_wconf 84' lang='lat' dir='ltr'>Virus</span> <span class='ocrx_word' id='word_1_131' title='bbox 182 2567 215 2635; x_wconf 92' lang='lat' dir='ltr'>in</span> <span class='ocrx_word' id='word_1_132' title='bbox 233 2591 292 2635; x_wconf 84' lang='lat' dir='ltr'>ora</span> <span class='ocrx_word' id='word_1_133' title='bbox 309 2565 409 2659; x_wconf 63' lang='lat' dir='ltr'>legin</span> <span class='ocrx_word' id='word_1_134' title='bbox 426 2563 575 2657; x_wconf 76' lang='lat' dir='ltr'>paullum</span> <span class='ocrx_word' id='word_1_135' title='bbox 592 2567 619 2635; x_wconf 88' lang='lat' dir='ltr'>si</span> <span class='ocrx_word' id='word_1_136' title='bbox 635 2565 750 2637; x_wconf 88' lang='lat' dir='ltr'>devius</span> <span class='ocrx_word' id='word_1_137' title='bbox 768 2568 874 2638; x_wconf 86' lang='lat' dir='ltr'>hostis</span> 
     </span>
     <span class='ocr_line' id='line_1_20' title="bbox 64 2685 953 2778; baseline 0.002 -24"><span class='ocrx_word' id='word_1_138' title='bbox 64 2687 173 2754; x_wconf 82' lang='lat' dir='ltr'>Torsit</span> <span class='ocrx_word' id='word_1_139' title='bbox 188 2688 261 2772; x_wconf 89' lang='lat' dir='ltr'>iter,</span> <span class='ocrx_word' id='word_1_140' title='bbox 277 2686 425 2755; x_wconf 90' lang='lat' dir='ltr'>cecidere</span> <span class='ocrx_word' id='word_1_141' title='bbox 439 2686 551 2769; x_wconf 83' lang='lat' dir='ltr'>minae,</span> <span class='ocrx_word' id='word_1_142' title='bbox 572 2685 815 2778; x_wconf 87' lang='lat' dir='ltr'>tumefactaque</span> <span class='ocrx_word' id='word_1_143' title='bbox 830 2688 953 2757; x_wconf 80' lang='lat' dir='ltr'>frustra</span> 
     </span>
     <span class='ocr_line' id='line_1_21' title="bbox 65 2802 855 2899; baseline -0.005 -24"><span class='ocrx_word' id='word_1_144' title='bbox 65 2805 159 2875; x_wconf 85' lang='lat' dir='ltr'>Colla</span> <span class='ocrx_word' id='word_1_145' title='bbox 178 2806 306 2889; x_wconf 89' lang='lat' dir='ltr'>sedent,</span> <span class='ocrx_word' id='word_1_146' title='bbox 324 2807 454 2899; x_wconf 85' lang='lat' dir='ltr'>irasque</span> <span class='ocrx_word' id='word_1_147' title='bbox 474 2803 524 2872; x_wconf 89' lang='lat' dir='ltr'>sui</span> <span class='ocrx_word' id='word_1_148' title='bbox 541 2802 625 2871; x_wconf 87' lang='lat' dir='ltr'>bibit</span> <span class='ocrx_word' id='word_1_149' title='bbox 641 2804 711 2896; x_wconf 90' lang='lat' dir='ltr'>ipse</span> <span class='ocrx_word' id='word_1_150' title='bbox 729 2806 855 2873; x_wconf 88' lang='lat' dir='ltr'>veneni.</span> 
     </span>
     <span class='ocr_line' id='line_1_22' title="bbox 111 2923 922 3020; baseline -0.002 -26"><span class='ocrx_word' id='word_1_151' title='bbox 111 2930 155 2995; x_wconf 77' lang='lat' dir='ltr'>At</span> <span class='ocrx_word' id='word_1_152' title='bbox 168 2928 308 3020; x_wconf 81' lang='lat' dir='ltr'>genitrix</span> <span class='ocrx_word' id='word_1_153' title='bbox 326 2925 466 3019; x_wconf 86' lang='lat' dir='ltr'>primam</span> <span class='ocrx_word' id='word_1_154' title='bbox 486 2923 622 2992; x_wconf 81' lang='lat' dir='ltr'>funestae</span> <span class='ocrx_word' id='word_1_155' title='bbox 640 2924 738 2991; x_wconf 90' lang='lat' dir='ltr'>sortis</span> <span class='ocrx_word' id='word_1_156' title='bbox 757 2938 794 2991; x_wconf 94' lang='lat' dir='ltr'>nt</span> <span class='ocrx_word' id='word_1_157' title='bbox 810 2946 922 2992; x_wconf 86' lang='lat' dir='ltr'>amens</span> 
     </span>
     <span class='ocr_line' id='line_1_23' title="bbox 64 3041 801 3139; baseline -0.004 -25"><span class='ocrx_word' id='word_1_158' title='bbox 64 3046 203 3139; x_wconf 80' lang='lat' dir='ltr'>Expavit</span> <span class='ocrx_word' id='word_1_159' title='bbox 219 3045 355 3131; x_wconf 84' lang='lat' dir='ltr'>famam,</span> <span class='ocrx_word' id='word_1_160' title='bbox 376 3069 435 3115; x_wconf 93' lang='lat' dir='ltr'>nec</span> <span class='ocrx_word' id='word_1_161' title='bbox 453 3043 544 3112; x_wconf 88' lang='lat' dir='ltr'>tarde</span> <span class='ocrx_word' id='word_1_162' title='bbox 557 3041 713 3129; x_wconf 91' lang='lat' dir='ltr'>credidit,</span> <span class='ocrx_word' id='word_1_163' title='bbox 733 3042 801 3112; x_wconf 88' lang='lat' dir='ltr'>ibat</span> 
     </span>
     <span class='ocr_line' id='line_1_24' title="bbox 64 3162 975 3257; baseline -0.003 -22"><span class='ocrx_word' id='word_1_164' title='bbox 64 3167 170 3235; x_wconf 82' lang='lat' dir='ltr'>Scissa</span> <span class='ocrx_word' id='word_1_165' title='bbox 183 3189 308 3251; x_wconf 85' lang='lat' dir='ltr'>comas,</span> <span class='ocrx_word' id='word_1_166' title='bbox 324 3163 499 3257; x_wconf 89' lang='lat' dir='ltr'>vultuque,</span> <span class='ocrx_word' id='word_1_167' title='bbox 516 3179 549 3233; x_wconf 89' lang='lat' dir='ltr'>et</span> <span class='ocrx_word' id='word_1_168' title='bbox 563 3179 696 3257; x_wconf 88' lang='lat' dir='ltr'>pectore</span> <span class='ocrx_word' id='word_1_169' title='bbox 713 3162 802 3231; x_wconf 92' lang='lat' dir='ltr'>nuda</span> <span class='ocrx_word' id='word_1_170' title='bbox 818 3180 975 3247; x_wconf 89' lang='lat' dir='ltr'>cruento,</span> 
     </span>
     <span class='ocr_line' id='line_1_25' title="bbox 64 3281 911 3376; baseline -0.002 -22"><span class='ocrx_word' id='word_1_171' title='bbox 64 3288 142 3354; x_wconf 87' lang='lat' dir='ltr'>Non</span> <span class='ocrx_word' id='word_1_172' title='bbox 163 3311 275 3370; x_wconf 86' lang='lat' dir='ltr'>sexus,</span> <span class='ocrx_word' id='word_1_173' title='bbox 295 3284 461 3354; x_wconf 85' lang='lat' dir='ltr'>decorisve</span> <span class='ocrx_word' id='word_1_174' title='bbox 480 3309 616 3363; x_wconf 82' lang='lat' dir='ltr'>memor.</span> <span class='ocrx_word' id='word_1_175' title='bbox 632 3283 788 3351; x_wconf 85' lang='lat' dir='ltr'>Pentheia</span> <span class='ocrx_word' id='word_1_176' title='bbox 805 3281 911 3376; x_wconf 85' lang='lat' dir='ltr'>qualis</span> 
     </span>
     <span class='ocr_line' id='line_1_26' title="bbox 63 3401 859 3486; baseline -0.003 -12"><span class='ocrx_word' id='word_1_177' title='bbox 63 3408 173 3474; x_wconf 89' lang='lat' dir='ltr'>Mater</span> <span class='ocrx_word' id='word_1_178' title='bbox 187 3406 228 3474; x_wconf 87' lang='lat' dir='ltr'>ad</span> <span class='ocrx_word' id='word_1_179' title='bbox 243 3405 350 3474; x_wconf 88' lang='lat' dir='ltr'>insani</span> <span class='ocrx_word' id='word_1_180' title='bbox 367 3403 544 3474; x_wconf 84' lang='lat' dir='ltr'>scandebat</span> <span class='ocrx_word' id='word_1_181' title='bbox 559 3401 703 3478; x_wconf 85' lang='lat' dir='ltr'>culmina</span> <span class='ocrx_word' id='word_1_182' title='bbox 722 3405 859 3486; x_wconf 89' lang='lat' dir='ltr'>montis,</span> 
     </span>
     <span class='ocr_line' id='line_1_27' title="bbox 64 3512 777 3618; baseline 0.001 -28"><span class='ocrx_word' id='word_1_183' title='bbox 64 3525 266 3593; x_wconf 90' lang='lat' dir='ltr'>Promissum</span> <span class='ocrx_word' id='word_1_184' title='bbox 285 3549 372 3593; x_wconf 76' lang='lat' dir='ltr'>sevo</span> <span class='ocrx_word' id='word_1_185' title='bbox 388 3539 488 3618; x_wconf 89' lang='lat' dir='ltr'>caput</span> <span class='ocrx_word' id='word_1_186' title='bbox 506 3520 649 3592; x_wconf 87' lang='lat' dir='ltr'>allatura</span> <span class='ocrx_word' id='word_1_187' title='bbox 668 3512 777 3617; x_wconf 58' lang='lat' dir='ltr'>L&#39;yaeo.</span> 
     </span>
     <span class='ocr_line' id='line_1_28' title="bbox 66 3642 839 3738; baseline 0.006 -30"><span class='ocrx_word' id='word_1_188' title='bbox 66 3642 143 3709; x_wconf 87' lang='lat' dir='ltr'>Non</span> <span class='ocrx_word' id='word_1_189' title='bbox 156 3644 305 3729; x_wconf 89' lang='lat' dir='ltr'>comites,</span> <span class='ocrx_word' id='word_1_190' title='bbox 323 3669 390 3713; x_wconf 89' lang='lat' dir='ltr'>non</span> <span class='ocrx_word' id='word_1_191' title='bbox 405 3644 490 3713; x_wconf 79' lang='lat' dir='ltr'>ferre</span> <span class='ocrx_word' id='word_1_192' title='bbox 505 3645 582 3738; x_wconf 77' lang='lat' dir='ltr'>ipsae</span> <span class='ocrx_word' id='word_1_193' title='bbox 600 3645 736 3738; x_wconf 83' lang='lat' dir='ltr'>vestigia</span> <span class='ocrx_word' id='word_1_194' title='bbox 754 3658 839 3713; x_wconf 80' lang='lat' dir='ltr'>natae</span> 
     </span>
     <span class='ocr_line' id='line_1_29' title="bbox 66 3759 998 3852; baseline 0.005 -27"><span class='ocrx_word' id='word_1_195' title='bbox 66 3760 171 3852; x_wconf 83' lang='lat' dir='ltr'>AEqna</span> <span class='ocrx_word' id='word_1_196' title='bbox 193 3759 325 3829; x_wconf 81' lang='lat' dir='ltr'>valent:</span> <span class='ocrx_word' id='word_1_197' title='bbox 348 3778 476 3832; x_wconf 84' lang='lat' dir='ltr'>tantum</span> <span class='ocrx_word' id='word_1_198' title='bbox 495 3765 619 3832; x_wconf 85' lang='lat' dir='ltr'>rniscrae</span> <span class='ocrx_word' id='word_1_199' title='bbox 637 3761 733 3833; x_wconf 82' lang='lat' dir='ltr'>doior</span> <span class='ocrx_word' id='word_1_200' title='bbox 754 3762 888 3832; x_wconf 89' lang='lat' dir='ltr'>ultimus</span> <span class='ocrx_word' id='word_1_201' title='bbox 906 3762 998 3831; x_wconf 87' lang='lat' dir='ltr'>addit</span> 
     </span>
     <span class='ocr_line' id='line_1_30' title="bbox 65 3879 917 3973; baseline 0.004 -27"><span class='ocrx_word' id='word_1_202' title='bbox 65 3879 191 3965; x_wconf 86' lang='lat' dir='ltr'>Robur,</span> <span class='ocrx_word' id='word_1_203' title='bbox 209 3892 242 3947; x_wconf 92' lang='lat' dir='ltr'>et</span> <span class='ocrx_word' id='word_1_204' title='bbox 258 3903 435 3973; x_wconf 82' lang='lat' dir='ltr'>exsangues</span> <span class='ocrx_word' id='word_1_205' title='bbox 455 3882 651 3952; x_wconf 89' lang='lat' dir='ltr'>crudescunt</span> <span class='ocrx_word' id='word_1_206' title='bbox 671 3881 812 3951; x_wconf 86' lang='lat' dir='ltr'>luctibus</span> <span class='ocrx_word' id='word_1_207' title='bbox 828 3884 917 3951; x_wconf 84' lang='lat' dir='ltr'>euni.</span> 
     </span>
     <span class='ocr_line' id='line_1_31' title="bbox 64 3997 929 4095; baseline 0.005 -31"><span class='ocrx_word' id='word_1_208' title='bbox 64 4000 203 4092; x_wconf 89' lang='lat' dir='ltr'>Jamque</span> <span class='ocrx_word' id='word_1_209' title='bbox 220 3998 320 4066; x_wconf 90' lang='lat' dir='ltr'>decus</span> <span class='ocrx_word' id='word_1_210' title='bbox 337 3997 452 4090; x_wconf 75' lang='lat' dir='ltr'>galeae,</span> <span class='ocrx_word' id='word_1_211' title='bbox 469 3999 538 4089; x_wconf 89' lang='lat' dir='ltr'>jam</span> <span class='ocrx_word' id='word_1_212' title='bbox 559 4000 682 4095; x_wconf 84' lang='lat' dir='ltr'>spicula</span> <span class='ocrx_word' id='word_1_213' title='bbox 704 4026 787 4069; x_wconf 80' lang='lat' dir='ltr'>saevn</span> <span class='ocrx_word' id='word_1_214' title='bbox 806 4000 929 4093; x_wconf 78' lang='lat' dir='ltr'>ligabat</span> 
     </span>
    </p>
   </div>
   <div class='ocr_carea' id='block_1_3' title="bbox 0 0 1410 5258">
    <p class='ocr_par' dir='ltr' id='par_1_3' title="bbox 0 0 1410 5258">
     <span class='ocr_line' id='line_1_32' title="bbox 0 0 1410 5258; baseline 0 0"><span class='ocrx_word' id='word_1_215' title='bbox 0 0 1410 5258; x_wconf 95' lang='lat' dir='ltr'> </span> 
     </span>
    </p>
   </div>
  </div>
 </body>
</html>
