2812 5258
65 430 98 492 (v.
111 426 181 493 50⁵.)
375 424 594 485 mnntlnos
617 423 727 481 nlnnn
748 425 814 482 vn.
1047 433 1102 490 105

62 555 242 650 Dignaris,
262 551 340 622 dum
359 567 467 622 castra
486 549 600 640 silent,
621 574 845 646 suspensaque
862 548 986 621 bellum

62 676 237 745 Horrescit
255 674 379 768 pietas,
399 674 542 770 genitrix
556 673 745 768 jubeoque,
763 697 928 769 rogoque,

62 798 81 864 1
102 819 249 884 mecum,
267 796 459 889 patriosque
476 799 584 882 Deos,
604 819 785 889 arsuraque
803 791 919 863 saltem

62 919 166 986 Tecta
184 915 282 1002 vide,
303 914 524 1010 fratremque,
540 915 625 1017 quid
644 913 753 984 aufers
772 912 920 984 lumina?
936 912 1071 983 liatrem

63 1035 261 1131 Allequere,
280 1050 314 1105 et
328 1061 469 1133 regnum
486 1022 556 1131 jam
572 1060 626 1105 me
640 1037 703 1104 sub
716 1035 830 1129 judice
849 1059 959 1129 posce.

63 1159 131 1229 Ant
150 1158 260 1249 dabit,
277 1172 336 1227 aut
353 1157 479 1227 serrum
497 1181 599 1227 causa
617 1155 755 1226 meliore
771 1179 926 1225 resumes.

63 1282 161 1349 Anne
174 1280 285 1367 times,
304 1302 346 1347 ne
362 1277 449 1347 forte
468 1276 553 1367 deli,
571 1291 605 1347 et
621 1291 654 1346 te
669 1278 802 1346 conscia
818 1290 924 1345 mater

63 1398 261 1494 Decipiam?
280 1424 349 1468 non
367 1400 414 1468 sic
432 1399 571 1467 miseros
589 1397 638 1467 fas
657 1403 908 1492 omne'penates
1023 1386 1032 1401 ’

61 1517 210 1616 affugiet
225 1546 234 1589 ε
251 1522 306 1589 vix
327 1518 507 1615 OEdipode
525 1518 666 1589 ducente
682 1521 826 1589 timeres.

62 1641 171 1738 Nupsi
190 1640 359 1736 equidem,
375 1641 556 1737 peperique
575 1641 667 1711 nefas
685 1667 692 1710 :
711 1640 769 1710 sed
786 1632 889 1735 diligo
906 1637 1006 1727 tales,

60 1763 114 1835 th
133 1761 245 1854 dolor,
263 1777 297 1834 et
309 1775 437 1834 vestros
455 1762 641 1835 etiamnum
658 1785 778 1835 excuso
793 1749 937 1830 fureres.

62 1883 167 1972 Quod
185 1885 213 1952 si
232 1883 316 1953 adeo
333 1899 478 1978 perstas,
495 1882 585 1953 ultro
601 1885 680 1973 tibi,
697 1909 797 1974 saeve,
814 1882 1022 1980 triumphum

59 2001 252 2074 Detulimus
271 2028 279 2071 :
300 2000 405 2098 religa
422 2002 535 2098 captas
550 2004 585 2071 in
602 2015 696 2099 terga
713 2028 862 2091 sorores,

58 2124 165 2218 Iujice
183 2121 291 2193 vincla
310 2123 392 2192 mihi
411 2148 419 2192 ε
437 2125 547 2219 gravis
563 2123 631 2192 huc
650 2138 820 2217 utcunque
836 2122 959 2194 feretur

59 2248 103 2315 Et
121 2258 227 2339 pater.
247 2243 301 2314 Ad
322 2259 471 2314 vestrum
486 2245 628 2340 gemitus
645 2268 735 2313 nunc
753 2259 845 2313 verto
864 2245 1045 2340 pudorem,

59 2364 226 2435 Inachidae
246 2391 254 2433 ι
277 2361 420 2458 liquistis
438 2365 528 2434 enim
547 2388 736 2459 parvosque
753 2384 933 2460 senesque,

59 2489 104 2556 Et
119 2483 281 2580 lacrymas
298 2485 359 2554 has
377 2485 517 2579 quisque
534 2483 641 2577 domi3
654 2488 723 2554 'sua
742 2484 868 2555 credite
885 2488 984 2555 matri

59 2609 196 2676 Viscera
219 2633 226 2675 :
244 2608 271 2676 si
288 2607 383 2676 vobis
399 2606 454 2675 hic
469 2630 574 2700 parvo
594 2607 631 2674 in
647 2619 798 2700 tempore
814 2631 927 2693 carus,

59 2728 175 2822 Sitque
186 2751 316 2822 precor,
324 2726 407 2821 quid
421 2750 491 2811 me,
507 2743 586 2812 oro,
604 2724 722 2795 decet?
735 2725 857 2819 quidve
866 2728 945 2812 ista,
957 2722 1104 2820 Pelasgi,

58 2846 192 2917 Ubera?
210 2847 253 2916 ab
266 2848 429 2942 Hyrcanis
446 2847 510 2916 hoc
527 2844 733 2940 Odrysisque
751 2843 897 2914 tulissem

58 2968 227 3066 Regibus,
246 2982 280 3037 et
294 2969 391 3062 siqui
409 2982 542 3036 nostros
560 2967 669 3035 vicere
686 2965 827 3034 furores.

57 3091 223 3177 Annuite,
242 3102 301 3158 aut
315 3103 429 3157 uatum
444 3085 615 3182 complexa
634 3088 811 3182 superstite
827 3083 916 3155 bello

58 3212 123 3282 Hic
139 3212 275 3281 moriar.
291 3240 307 3274 s
326 3206 484 3279 Tumidas
500 3207 700 3303 frangebant
717 3204 805 3275 dicta
820 3204 991 3294 cohortes,

54 3332 290 3426 Nutantesque
307 3331 416 3399 virum
435 3327 565 3425 galeas,
586 3343 620 3398 et
638 3352 754 3422 sparsa
772 3327 898 3398 videres

39 3450 207 3522 ,Fletibus
223 3476 314 3521 arma
335 3451 424 3546 piis:
442 3447 555 3543 quales
574 3449 631 3518 ubi
649 3445 715 3517 tela
730 3449 884 3542 virusque

55 3573 205 3644 Pectoris
226 3569 369 3666 impulsu
386 3569 494 3665 rapidi
513 3585 657 3640 stravere
675 3567 802 3659 teones,

55 3693 216 3764 Protinus
233 3693 284 3761 ira
298 3695 421 3779 minor,
441 3691 654 3788 gaudentque
670 3692 705 3761 in
721 3714 863 3786 corpote
879 3704 978 3784 capto

38 3816 216 3887 ,isecuram
234 3810 370 3881 differre
384 3811 505 3882 samem
523 3838 531 3880 :
552 3813 599 3882 sic
618 3811 702 3881 flexa
720 3809 894 3906 Pelasgum

39 3896 171 4004 ‘corda
190 3930 321 4020 labant,
340 3931 484 4026 ferrique
502 3930 618 4002 avidus
638 3918 869 4001 mansueverat
883 3932 997 4032 ardor.

106 4058 181 4150 Ipse
201 4055 302 4124 etiam
318 4068 395 4123 ante
412 4078 526 4124 omnes
545 4077 636 4126 nunc
655 4053 769 4123 matris
783 4051 825 4120 ad
840 4051 953 4121 oscula
971 4075 1100 4139 versus,

1059 4201 1085 4233 ἱ
