2812 5258
93 466 124 523 a.
137 467 186 525 η.)
210 502 213 507 .
407 464 598 519 srnvanuu
616 467 723 522 nram
745 467 791 519 tv.
1059 470 1111 524 ης

92 587 122 653 N
125 610 162 651 cc
179 610 245 652 non
264 599 373 652 noster
389 610 481 652 amor
498 586 655 679 (dubium
673 611 846 655 morumne
864 590 1051 680 probandus

92 704 261 796 ingeniine
281 701 397 793 bonis)
413 705 515 769 Latiis
531 705 654 771 aestivat
670 706 704 771 in
720 705 808 772 oris?

92 824 189 888 Anne
206 817 403 887 metalliferae
419 822 538 911 repetit
551 821 620 911 jam
638 824 757 889 moenia
774 824 893 906 Lunae,

91 937 340 1028 Tyrrhenasque
359 936 495 1003 domos?
509 936 598 1027 quod
614 935 641 1005 si
658 936 718 1006 tibi
736 939 901 1029 proximus
918 940 1036 1023 haeret,

91 1056 166 1121 Non
183 1078 243 1147 ego
259 1078 349 1122 nunc
365 1068 473 1121 vestro
490 1052 604 1144 procul
624 1076 643 1120 a
660 1078 810 1123 sermone
825 1057 941 1126 recedo
958 1084 966 1125 :

89 1174 226 1240 Certum
241 1187 310 1258 est;
326 1171 404 1239 inde
420 1194 519 1240 sonus
535 1174 680 1265 geminas
695 1173 777 1241 mihi
793 1174 908 1242 circuit
923 1199 1026 1244 aurea.

137 1289 225 1358 «Sed
242 1304 293 1375 tn,
310 1288 389 1357 dum
404 1289 506 1357 nimio
524 1313 666 1381 possessa
679 1292 868 1383 Hyperione
884 1291 1000 1385 flagrat

90 1410 198 1474 Torva
213 1404 356 1477 Cleonaei
369 1408 450 1500 juba
466 1407 598 1492 sideris,
617 1432 714 1476 cxsue
729 1410 816 1477 curis

91 1529 227 1609 Pectus,
246 1540 279 1593 ct
297 1526 426 1595 assiduo
446 1539 545 1594 temet
561 1525 671 1594 furare
688 1525 803 1596 labori.

90 1647 131 1711 Et
148 1657 258 1711 sontes
274 1645 380 1736 operit
395 1624 583 1736 pharetras,
601 1667 778 1737 arcumque
796 1644 940 1714 retendit

89 1762 247 1846 Parthus3
267 1777 300 1831 et
316 1761 412 1830 Eleos
430 1765 563 1855 auriga,
582 1762 746 1832 laboribus
762 1765 862 1852 actis,

89 1878 218 1970 Alpheo
236 1877 418 1969 permulcet
434 1903 553 1968 equos,
570 1894 603 1946 et
621 1897 730 1950 nostra
747 1883 865 1951 fatiscit

89 2000 300 2084 Laxaturque
318 1991 425 2083 chelys
442 2019 450 2058 :
467 1995 552 2061 vires
568 1997 720 2089 instigat,
739 1998 862 2090 alitque

89 2111 296 2204 Tempestiva
313 2111 424 2202 quien
443 2112 548 2202 major
568 2128 644 2203 post
658 2116 725 2181 otia
739 2115 851 2181 virtus.

88 2228 175 2297 Talis
193 2241 322 2296 cantata
341 2227 485 2297 Briseide
504 2233 594 2298 venit
611 2228 751 2300 Achilles

88 2351 219 2436 Acrior,
238 2362 271 2415 et
286 2349 399 2440 positis
415 2349 524 2440 erupit
542 2350 576 2416 iu
595 2353 737 2418 Hectora
753 2348 892 2442 plectris.

86 2472 131 2537 Te
152 2491 284 2560 quoquc
303 2466 482 2533 flammabit
500 2467 596 2534 tacite
615 2467 752 2559 repetita
770 2489 946 2560 parumper

86 2585 238 2671 Desidia,
254 2600 287 2653 et
304 2582 415 2652 solitos
432 2607 537 2652 novus
554 2583 728 2652 exsultabis
746 2585 897 2654 inactus.

86 2707 183 2772 Certe
195 2706 264 2797 jam
280 2703 383 2773 Latiae
395 2726 465 2771 non
482 2703 620 2769 miscent
634 2703 743 2794 jurgia
758 2700 865 2794 leges,

88 2825 131 2890 Et
147 2821 260 2914 paceni
278 2825 371 2915 piger
390 2844 497 2890 annus
516 2819 637 2902 babet,
655 2841 837 2912 messesque
853 2841 990 2887 reverse
1011 2848 1015 2857 ·
1046 2810 1050 2819 ¹

86 2942 247 3008 Dimiserc
262 2940 371 3008 lorum
389 2966 396 3006 :
414 2964 474 3007 nec
489 2941 559 3030 jam
575 2936 635 3006 tibi
652 2938 747 3006 turba
764 2960 895 3005 reorum

86 3057 272 3144 Vestibula,
288 3056 459 3150 querulive
476 3069 595 3148 rogant
610 3057 697 3124 exire
713 3055 872 3124 clientes:

86 3181 197 3245 Cessat
214 3176 354 3245 Centeni
373 3174 573 3243 moderatrix
591 3171 713 3241 Judicis
731 3172 843 3257 hasta,

85 3298 161 3381 Qua
180 3296 238 3362 tibi
258 3293 389 3362 sublimi
403 3295 473 3385 jam
493 3316 582 3360 nunc
602 3289 812 3359 celeberrima
832 3289 916 3357 fama

87 3413 233 3495 Eminet,
250 3427 283 3479 et
295 3415 431 3504 juvenes
448 3409 601 3479 facundia
618 3408 762 3501 praeterit
776 3431 888 3475 annos.

135 3528 252 3596 «Felix
269 3527 439 3598 curarum!
458 3532 512 3597 cui
532 3553 600 3595 non
617 3525 785 3594 Heliconia
801 3523 893 3593 cordi

88 3651 201 3730 Serta,
220 3671 280 3712 nec
298 3644 443 3714 imbelles
462 3648 596 3715 Parnasi
615 3670 633 3711 c
651 3645 771 3712 vertice
791 3640 922 3725 lanrus;

87 3764 153 3835 Sed
170 3765 257 3856 viget
275 3764 463 3855 ingenium,
480 3777 513 3831 et
528 3787 665 3856 magnos
681 3762 845 3830 accinctus
863 3761 897 3826 in
916 3783 992 3826 usus

85 3888 162 3952 Fert
181 3884 309 3950 animus
328 3902 546 3972 quascumque
564 3883 676 3949 vices:
696 3905 756 3947 nos
777 3881 842 3947 otia
862 3879 935 3944 vitae

87 4001 240 4070 Solamur
257 4013 373 4086 cantu,
394 4010 592 4090 ventosaque
611 3998 730 4092 gaudia
747 3997 840 4064 lamae

230 4145 251 4186 r.
932 4114 952 4178 8
