2812 5258
82 449 116 513 (v.
127 448 195 513 595.)
374 446 583 503 THEBAIDOS
607 445 714 500 LIBER
737 445 803 499 ΧΠ.
1059 446 1111 502 251

83 573 211 643 Crede:
228 573 296 640 sitit
312 573 446 638 meritos
466 573 647 638 etiamnum
667 569 736 637 haec
754 569 848 636 hasta
864 593 1009 638 cruores.

82 693 184 765 Nulla
206 716 298 761 mora
318 707 367 759 est
383 718 390 758 :
408 707 499 759 verte
515 692 605 759 huuc
624 688 723 769 adeo,
740 687 896 758 fidissime
913 690 1060 783 Phegeu,

83 813 323 908 Cornipedem,
341 827 375 881 et
392 813 508 905 Tyrias
528 813 675 879 invectus
695 810 848 903 protinus
869 832 961 878 arces
1068 870 1071 875 .

84 939 151 1004 Aut
169 933 293 1003 Danais
312 932 404 1002 edice
420 956 536 1026 rogos,
553 944 612 999 aut
629 927 743 1023 proelia
763 930 924 998 Thebis.»

131 1055 184 1123 Sic
204 1055 266 1142 ait,
285 1053 406 1122 oblitus
427 1049 571 1142 bellique
591 1051 717 1143 viaeque
736 1048 906 1134 laborum,

83 1177 312 1266 Hortaturque
331 1197 426 1257 suos,
444 1172 597 1262 viresque
617 1171 779 1238 instaurat
799 1168 943 1237 anhelas.

83 1297 131 1364 Ut
147 1293 247 1361 modo
265 1291 441 1360 connubiis
460 1304 592 1370 taurus,
611 1287 762 1383 saltuque
781 1304 933 1384 recepto,

84 1414 199 1501 Quum
217 1411 329 1506 posuit
348 1434 492 1505 pugnas3
511 1408 621 1478 aliosi
641 1410 726 1478 forte
745 1411 890 1504 remugit

82 1531 247 1602 Bellatore
262 1555 393 1618 nemus,
408 1554 603 1625 quanquam
620 1553 680 1599 ora
699 1544 732 1598 et
749 1526 836 1598 colla
856 1544 993 1599 cruento

83 1653 193 1721 Imbre
206 1651 356 1741 madent,
369 1675 476 1720 novus
490 1675 583 1720 arma
596 1665 708 1745 parat,
723 1674 945 1746 campumque
960 1649 1119 1720 lacessens

83 1771 276 1843 Dissimulet
294 1775 453 1867 gemitus,
469 1785 503 1840 et
521 1771 660 1842 vulnera
678 1769 814 1864 pulvere
832 1769 926 1840 celat.

82 1897 159 1987 lpsa
177 1907 284 1962 metus
304 1894 461 1986 Libycos,
479 1893 757 1982 servatricemque
775 1890 947 1959 Medusam
994 1876 998 1883 ⁸

82 2014 247 2096 Pectoris,
265 2014 396 2080 incussa
412 2011 517 2079 movit
536 2010 688 2080 Tritonia
707 2033 833 2104 parma.

83 2133 240 2203 Protinus
257 2133 358 2200 erecti
375 2146 448 2200 toto
465 2129 564 2199 simul
579 2131 728 2224 agmine,
744 2130 874 2199 Thebas

83 2256 266 2346 Respexere
286 2275 411 2345 angues
428 2277 436 2319 :
454 2275 516 2319 aec
535 2250 615 2319 dum
635 2250 764 2319 Atticus
781 2251 828 2318 ire
847 2251 985 2344 parabat

84 2371 199 2457 Miles,
218 2386 249 2439 et
267 2370 379 2439 infelix
398 2373 532 2466 expavit
547 2368 681 2439 classim
697 2371 807 2440 Dirce.

132 2493 303 2563 Continuo
319 2493 354 2558 iu
373 2514 502 2586 pugnas
520 2490 610 2559 haud
628 2491 736 2560 solum
756 2515 893 2561 accensa
906 2494 1083 2586 juventus,

84 2613 153 2702 Qui
170 2611 271 2680 modo
287 2612 444 2681 Caucasei
461 2613 598 2681 comites
614 2611 743 2681 rediere
759 2614 938 2706 triumphi3
974 2623 977 2630 '

85 2734 203 2804 Omnis
220 2732 263 2800 ad
280 2756 372 2800 arma
390 2730 490 2800 rudes
507 2755 587 2825 ager
605 2730 830 2801 exstimulavit
844 2731 1006 2802 alumnos.

84 2855 314 2940 Conveniunt,
330 2851 485 2946 ultroque
502 2851 596 2921 ducis
613 2849 733 2921 vexilla
751 2867 949 2946 sequuntur,

84 2974 151 3061 Qui
172 2970 316 3067 gelidum
334 2976 505 3041 Braurona
525 2974 607 3060 viri,
625 2973 683 3066 qui
702 2996 782 3041 rura
801 2971 964 3042 lacessunt

84 3093 285 3187 Munychia,
304 3107 338 3160 et
355 3092 493 3186 trepidis
508 3091 660 3163 stabilem
680 3093 804 3162 Piraeea
821 3094 950 3180 nautis,

84 3217 125 3281 Et
145 3212 295 3281 nondum
313 3216 386 3281 Eoo
404 3210 530 3282 clarum
548 3215 749 3283 Marathona
767 3214 948 3306 triumpho.

83 3335 190 3402 Mittit
209 3336 243 3401 in
261 3358 352 3402 arma
369 3356 506 3420 manus,
526 3333 710 3430 genialibus
727 3335 857 3429 hospita
876 3334 971 3403 Divis

84 3453 199 3537 Icarii,
213 3452 368 3548 Celeique
388 3453 527 3541 domus,
543 3454 730 3548 viridesque
748 3453 917 3541 Melaenae,

86 3572 187 3639 Dives
205 3588 238 3642 et
251 3573 400 3669 AEgaleos
421 3599 613 3664 nemorum,
629 3577 820 3670 Parnesque
839 3575 1002 3669 benignus

85 3690 235 3780 Vitibus,
252 3708 284 3761 et
301 3697 418 3790 pingui
437 3695 554 3765 melior
571 3696 772 3789 Lycabessos
792 3695 890 3765 oliva.

85 3811 188 3879 Venit
205 3827 301 3881 atrox
317 3813 422 3902 Ileus,
437 3832 470 3884 et
491 3815 610 3886 olentis
630 3831 741 3886 arator
761 3819 926 3910 Hymetti,

86 3932 236 4026 Quaeque
255 3933 353 4002 rudes
372 3935 501 4026 thyrsos
520 3935 649 4006 hederis
668 3938 829 4024 vestistis,
845 3936 1017 4005 Acharna.

86 4054 268 4148 Linquitur
284 4055 363 4124 Eois
381 4053 477 4150 louge
497 4057 696 4150 speculabile
713 4058 820 4152 proris
