2812 5258
309 426 349 480 m
369 426 398 478 r.
418 427 446 477 r.
470 425 593 480 sumu
613 426 703 480 suv.
728 428 794 481 nm.
816 429 864 481 w.
1041 434 1095 500 273

122 542 175 596 Ter
184 541 267 596 Luti'o
280 540 425 613 deciesque
437 542 524 595 tulit...
539 543 783 614 Augustusfasces
801 540 838 617 (v.
854 541 909 620 31).
926 546 1023 620 Recipi
1042 546 1095 602 de-

82 630 167 686 bebat
181 649 244 685 cum
258 633 381 684 Gronov.
398 640 424 685 et
438 630 537 685 Markl.
554 650 560 683 ε
577 631 682 684 Latios.

117 725 177 776 Aru
195 723 302 796 Terenti
313 718 351 805 (v.
367 718 426 795 38).
441 720 513 775 Vide
527 719 563 775 ad
573 739 597 788 1,
611 728 644 789 4,
656 740 699 791 17.
714 724 810 778 Paullo
824 725 919 781 mitior
931 725 1097 783 adulationis

79 811 185 867 insania
198 811 275 885 apud
293 812 465 881 Martialem,
485 830 524 880 ιν,
543 830 554 865 r
576 832 582 865 ε

181 985 227 1036 liic
237 985 298 1036 colet
310 986 399 1050 ingenti
412 985 533 1035 redeuntia
547 986 624 1036 secula
639 988 724 1048 lustro,

216 1071 247 1117 Et
258 1083 310 1134 que
321 1068 449 1117 Romuleus
461 1083 527 1118 secra
539 1071 654 1118 Terentus
664 1069 744 1120 habet.

121 1235 299 1310 Cupiuutque
312 1236 406 1289 decem
420 1246 468 1288 tua
482 1235 596 1288 uomina
609 1254 715 1291 menses
730 1233 766 1313 (v.
778 1233 836 1312 43).
856 1238 946 1292 «Nam
955 1239 1014 1295 duo
1022 1260 1103 1297 men-

79 1328 189 1399 sesiam
203 1327 294 1382 sortiti
314 1337 392 1380 erant
408 1325 523 1380 nomina
538 1326 693 1380 Domitiani
712 1346 718 1380 ε
737 1327 922 1400 septembrem
935 1329 1009 1384 euim
1030 1333 1102 1386 Ger-

79 1419 217 1472 mum‘eum
224 1416 429 1484 nominaverat,
444 1416 510 1489 quia
519 1434 553 1470 eo
568 1417 729 1489 suscepisset
742 1417 903 1490 imperium3
916 1429 945 1473 et
959 1422 1104 1477 octobrem

80 1511 287 1574 Domitianum,
308 1509 375 1582 quia
389 1527 423 1563 eo
438 1517 508 1563 esset
521 1518 611 1563 natus.
628 1511 787 1582 Utrumque
801 1527 905 1564 nomen
918 1509 1055 1567 abolitum
1063 1524 1105 1567 est

80 1619 114 1656 eo
131 1612 260 1670 mortuo,
282 1611 357 1655 tanta
378 1600 452 1655 illius
469 1599 589 1668 invidia,
603 1611 637 1655 ut
654 1611 751 1672 postea
765 1601 858 1655 nullus
875 1601 976 1657 mensis
1001 1620 1105 1658 nomen

77 1691 252 1766 imperatoris
268 1691 414 1764 acceperit.
430 1715 442 1741 s
456 1693 561 1745 Dorur.

122 1785 196 1837 Tunc
211 1801 306 1836 omnes
314 1795 434 1855 patuere
438 1781 520 1852 fores
538 1778 576 1857 (v.
595 1779 656 1857 45).
672 1783 772 1837 Clauso
782 1780 845 1837 tani
859 1781 931 1837 ostio
946 1794 1044 1839 contra
1052 1801 1105 1856 pa-

80 1883 161 1929 tuere
183 1891 278 1927 omnes
286 1872 368 1943 fores
385 1889 422 1925 sc.
438 1871 571 1938 deorum,
588 1871 645 1926 sive
664 1874 848 1946 templorum,
863 1872 899 1926 de
918 1873 1022 1946 quibus
1041 1874 1106 1929 solis

80 1972 182 2035 sponte
206 1981 256 2016 sna
278 1961 413 2036 cogitabit
431 1961 601 2034 quicumque
619 1961 677 2016 baec
696 1965 776 2037 leget.
797 1966 884 2018 Janus
902 1981 930 2017 se
949 1963 1063 2033 clausit,
1078 1976 1106 2019 at

80 2053 166 2109 ceteri
186 2049 255 2129 (dei)
276 2053 379 2124 templa
400 2070 450 2106 sna
468 2061 637 2124 aperuerunt
657 2052 772 2126 benigni
795 2054 945 2125 ominaque
967 2053 1105 2109 dederunt

79 2142 210 2216 principi.
225 2142 372 2217 ingeniose
390 2152 482 2196 tumen
496 2140 677 2196 Marklandus
697 2142 817 2214 conjecit
832 2153 860 2197 et
875 2143 960 2218 longa
976 2154 1045 2200 nota
1061 2145 1104 2198 le·

80 2235 205 2290 moribus
220 2234 342 2307 probare
356 2233 466 2288 studet:
480 2235 554 2287 ibae
566 2250 646 2286 emen
657 2235 791 2306 plausere
795 2233 887 2305 fores.
901 2234 980 2289 ldem
994 2253 1047 2308 pro
1057 2254 1106 2289 rex

78 2344 199 2399 magne,
213 2324 333 2379 restituit
346 2325 407 2378 dux
418 2341 536 2398 magne,
555 2341 582 2378 v.
603 2341 678 2398 seq.‚
694 2324 730 2379 ad
744 2342 828 2397 quem
841 2325 902 2401 lege
919 2325 980 2397 ejus
996 2325 1104 2381 doctis-

77 2416 161 2473 simas
179 2415 440 2471 animadversiones.

118 2521 210 2576 Genu.
230 2516 266 2574 Π.
285 2517 408 2594 AEqum
421 2522 470 2593 qui
480 2522 565 2574 multo
579 2514 617 2592 (v.
633 2515 670 2594 4).
685 2518 786 2574 Melius
799 2518 883 2576 codd.
898 2530 926 2575 et
942 2519 1007 2575 edd.
1020 2530 1103 2574 vett:

125 2623 161 2666 20.

79 2615 425 2758 anr'eieordiseumbem...
437 2701 503 2758 Cum
512 2703 578 2757 Jove
591 2697 628 2776 (v.
647 2698 702 2774 ιο).
718 2699 938 2754 Modestissimus
949 2699 996 2753 hic
1004 2700 1105 2755 Noster

79 2810 135 2865 μη
147 2794 284 2864 Martiali,
301 2812 345 2863 ιι,
359 2792 418 2866 93:

184 2966 223 3016 Ad
235 2982 324 3016 currem
336 2965 357 3014 si
370 2980 408 3013 me
422 2963 514 3012 dicent
526 2971 620 3010 voearet
630 2961 655 3010 in
669 2970 730 3011 utre

218 3049 280 3098 Hinc
293 3047 405 3097 inviuror
417 3046 525 3104 maris,
540 3045 596 3093 inde
607 3044 690 3093 soris:

185 3132 254 3178 Astru
267 3129 320 3178 licet
332 3129 443 3195 propius,
456 3127 552 3176 Puilatiu
565 3126 656 3190 longius
668 3134 756 3181 essent.

219 3214 339 3278 Responsa
350 3211 381 3261 ed
395 3215 498 3277 Superos
510 3208 560 3259 bec
572 3207 696 3257 referenda
707 3207 805 3258 durem:

186 3293 288 3355 Quuiu
298 3293 340 3358 qui
352 3294 418 3344 malit
430 3293 483 3342 beri
491 3289 589 3342 convive
600 3288 724 3349 Tonmtis3

220 3376 262 3423 ue
274 3390 338 3424 metu
351 3374 376 3426 in
388 3376 457 3426 terris
468 3373 565 3441 Jupiter
575 3389 629 3423 ecce
643 3381 714 3422 tenet.

124 3536 417 3612 Effusoequeimpetus
426 3542 502 3594 auloe
510 3536 547 3616 (v.
555 3533 612 3612 23).
625 3534 765 3591 Extensio.
776 3532 1000 3589 Benebarthius:
1013 3553 1024 3578 α
1035 3532 1105 3604 Spu·

83 3632 153 3686 tium
175 3648 323 3703 magnum,
342 3628 476 3684 amoliens
498 3631 575 3685 velut
594 3647 658 3687 cum
677 3628 784 3700 impetu
804 3624 895 3680 vicina
915 3633 943 3678 et
965 3620 1105 3677 obstantia

84 3720 210 3779 edificia.
226 3745 237 3769 ιι
251 3719 339 3776 Addit
358 3737 373 3773 e
388 3720 518 3775 Lucretio
526 3718 564 3795 [v‚
578 3717 647 3795 nor]
657 3719 759 3774 Markl.
775 3737 782 3771 :
797 3719 965 3788 nQnantum
982 3712 1045 3768 coeli
1062 3721 1105 3767 te-

82 3813 122 3889 git
139 3813 259 3885 impetus
281 3809 409 3884 ingens.»
431 3808 532 3881 Margo
550 3810 612 3865 cod.
631 3810 715 3865 Paris.
730 3829 737 3862 ε
755 3808 882 3862 ambitus.
910 3806 974 3877 Seq.
1000 3821 1026 3857 v.
1050 3819 1104 3875 pro

83 3904 182 3977 campi
205 3903 290 3957 altera
312 3919 410 3954 manus
432 3896 461 3953 in
484 3897 546 3953 cod.
568 3900 651 3955 Puris.
674 3900 797 3972 campis,
816 3895 916 3951 Markl.
943 3893 1104 3949 dubitanter

81 3995 171 4066 spatii
176 4033 186 4061 ,
200 3988 365 4048 Wakefield.
379 3988 416 4044 ad
435 3990 559 4057 Lucret,
579 4008 624 4060 ιν,
642 3988 973 4057 418,camem·:omnes
990 3982 1102 4037 frustra.

225 4117 249 4163 ι.
900 4086 941 4155 18
