2812 5258
204 439 238 500 (r.
254 440 322 502 715.)
507 443 717 498 THEBAIDOS
739 443 848 497 ussa
869 443 920 496 xl.
1177 462 1232 518 ²²9

203 566 352 644 Libertas
371 568 511 653 misera,
527 582 560 635 et
578 591 669 634 saevae
689 592 761 659 spes
783 569 880 634 auxia
900 569 1023 636 mortis.

202 686 244 758 Et
262 709 350 752 nunc
368 709 442 753 ecce
461 700 534 753 tuas
547 687 654 753 irritat
672 683 809 753 callidus
829 687 912 770 iras,

202 802 476 897 Suppliciumque
491 807 584 898 eupit
601 831 608 872 ε
627 804 684 873 sed
701 821 736 872 tu
756 805 956 899 majoribus,
976 830 1057 891 oro,

201 925 336 1018 Imperii
355 926 482 1018 potiare
498 926 613 1011 bonis,
632 923 783 1017 altusque
798 926 945 1017 jacentes

201 1045 395 1131 Praetorem,
411 1059 445 1112 et
462 1070 580 1139 magna
598 1044 721 1113 ducum
738 1068 871 1112 vereare
892 1046 1039 1137 priorum

201 1166 329 1231 Funera
347 1189 355 1230 :
373 1163 477 1232 ethic
496 1163 663 1256 quondam
679 1161 762 1230 solio
779 1161 946 1248 sublimis,
968 1178 1001 1230 et
1019 1165 1117 1232 arnus

201 1284 337 1376 Septus,
354 1307 451 1375 opem
469 1283 616 1370 miseris,
638 1283 715 1374 jura
733 1295 767 1349 et
784 1282 996 1375 poscentibus
1015 1306 1143 1374 aequus,

200 1402 477 1496 supplicibusque
498 1402 598 1471 dabat
618 1428 626 1469 :
646 1404 698 1471 cui
719 1425 807 1470 nunc
824 1426 864 1469 ex
883 1401 1015 1495 agmine
1034 1415 1126 1470 tanto

199 1525 276 1591 Una
296 1548 422 1610 comes,
440 1523 579 1597 necdum
595 1521 687 1592 exsul
705 1538 776 1591 erat
795 1548 803 1590 ε
823 1520 973 1590 felicibus
994 1521 1089 1591 hicne

199 1643 344 1712 Obstat?
364 1646 398 1712 in
415 1644 505 1712 hunc
522 1643 607 1712 odiis
626 1659 660 1712 et
678 1645 769 1738 regni
789 1643 914 1711 viribus
932 1640 1023 1710 eris?

198 1767 295 1832 Hunc
312 1765 416 1858 abigis
432 1765 547 1833 tectis?
566 1790 609 1833 an
626 1790 668 1833 ne
689 1762 923 1858 propolimina
940 1761 1066 1832 clarum

198 1887 367 1977 ingemat,
385 1899 418 1951 et
435 1887 520 1953 votis
541 1885 789 1976 intempestivus
806 1881 960 1950 oberret?

198 2007 290 2072 Pone
307 2018 449 2088 metum,
469 2000 584 2095 procul
606 2026 709 2094 usque
727 2016 784 2070 tua
802 2000 974 2069 submotus
992 2001 1034 2068 ab
1053 2001 1127 2070 aula

198 2120 303 2190 Flebit
323 2147 330 2187 :
351 2145 412 2215 ego
430 2134 576 2189 erectum
596 2120 765 2212 subigam,
784 2135 817 2187 et
833 2121 958 2188 servire
975 2117 1110 2189 docebo.

198 2244 346 2314 Coetibus
364 2242 541 2330 abducam,
561 2242 695 2335 solaque
714 2245 748 2310 in
765 2241 840 2312 sede
857 2242 1043 2311 recondam.

198 2363 298 2434 Exsul
314 2366 378 2432 erit
400 2391 407 2432 :
427 2389 504 2433 nam
524 2389 596 2457 quae
615 2365 770 2458 migranti
789 2380 924 2432 externa
944 2364 1103 2457 patebunt

198 2482 341 2553 Moenia?
358 2485 408 2552 vis
427 2487 623 2578 Argoseat,
636 2481 835 2576 hostilesque
853 2486 1010 2577 Mycenas

199 2601 373 2696 Squalidus
393 2603 550 2697 irreptet?
569 2605 711 2696 victique
726 2602 768 2670 ad
786 2602 886 2671 limen
906 2603 1036 2671 Adrasti

197 2724 318 2792 Aonias
340 2738 451 2791 narret
465 2722 596 2792 clades?
615 2737 812 2815 tenuemque
833 2739 984 2816 precetur

197 2845 268 2911 Rex
285 2843 461 2911 Thebanus
476 2841 593 2936 opem?
612 2843 737 2910 miserae
754 2842 834 2934 quid
852 2844 990 2910 crimina
1008 2845 1114 2936 gentis

197 2961 365 3044 Pandere,
386 2962 465 3054 quid
485 2987 579 3031 casus
593 2965 690 3055 juvat
706 2976 871 3033 ostentare
892 2960 1084 3055 pudendos?

197 3081 328 3170 Cende,
346 3106 474 3175 precor,
488 3082 710 3175 quodcunque
723 3106 854 3153 sumus:
869 3106 929 3150 nec
939 3079 1038 3175 louga
1051 3105 1226 3175 precamur

197 3204 311 3289 Dona,
330 3205 441 3272 Creon
463 3227 470 3268 :
493 3204 646 3271 miserere
664 3203 750 3271 senis
768 3203 942 3304 moestique
960 3203 1117 3296 parentis.

184 3322 258 3390 1Ηίο
274 3346 403 3416 precor,
422 3323 475 3390 hie
496 3345 608 3390 manes
627 3321 761 3415 indulge
779 3346 902 3416 ponere
920 3348 928 3388 :
949 3336 1038 3390 certe

195 3441 374 3511 Thebanos
395 3441 531 3536 sepelire
549 3439 633 3509 licet.
646 3470 663 3505 s
682 3443 735 3510 Sic
753 3456 844 3527 orat,
864 3442 1023 3534 humique

197 3556 352 3627 Volvitur
372 3587 379 3627 :
401 3560 536 3630 abducit
551 3563 691 3656 genitor,
711 3586 897 3659 saevumque
915 3563 1060 3630 minatur

196 3675 376 3771 Indignans
393 3683 523 3750 veniam
546 3707 553 3748 :
573 3681 679 3774 qualis
701 3678 752 3749 leo
771 3705 853 3776 rupe
873 3679 1032 3769 subalta,

197 3796 306 3883 Quem
327 3796 464 3866 viridem
484 3800 651 3892 quondam
671 3797 759 3867 silvae
777 3814 970 3894 montesque
993 3802 1192 3889 tremebant,

195 3917 268 3981 Jam
287 3916 391 4010 piger,
411 3931 444 3983 et
461 3915 560 4009 longo
578 3917 663 4007 jacet
679 3934 865 3987 exarmatus
885 3919 927 3986 ab
945 3943 1030 4001 aevo,

196 4037 321 4128 Magna
339 4050 449 4103 tamen
470 4034 584 4123 facies,
604 4051 637 4104 et
652 4062 719 4105 non
737 4038 888 4106 adeunda
907 4052 1057 4107 senectus
1076 4066 1085 4106 :
