2812 5258
255 454 289 509 ιδ
605 457 634 509 Ρ.
656 454 776 510 PUBLII
795 455 915 510 smu
1181 469 1276 522 (vae-a

300 585 344 649 At
359 594 390 647 te
404 593 590 648 nascentem
605 580 730 672 gremio
746 603 818 648 mea
833 580 940 673 prima
955 580 1077 670 recepit

253 697 478 790 Parthenope,
492 695 660 788 dulcisque
674 694 743 764 selo
760 709 795 762 tu
809 694 913 790 gloria
930 708 1042 762 nostm

252 815 398 907 Reptasti
416 840 424 882 :
440 814 581 882 nitidum
597 827 771 906 consurgat
787 813 829 880 ad
843 814 963 880 aethera
979 812 1073 881 tellus

252 932 389 1015 Eubois,
405 945 437 998 et
452 930 589 1024 pulchra
604 944 728 999 tumeat
744 931 877 998 Sebetos
893 929 1049 999 alumna:

254 1051 323 1119 Nec
339 1049 397 1116 tibi
413 1047 564 1116 sulfureis
578 1049 729 1116 Lucrina
745 1047 868 1116 Naides
882 1050 999 1133 antris,

252 1167 324 1234 Nec
340 1166 532 1258 Pompeiani
547 1163 698 1258 placeant
711 1166 816 1259 magis
830 1166 897 1232 otia
912 1168 1017 1234 Sarni.

253 1283 316 1349 Eia
328 1306 403 1375 age,
419 1280 591 1375 praeclaros
604 1284 700 1350 Latio
716 1296 890 1375 properate
904 1298 1054 1377 nepotes,

253 1400 320 1485 Qui
338 1397 438 1493 leges,
454 1401 511 1491 qui
526 1413 632 1468 castra
646 1398 771 1492 legant,
786 1402 843 1492 qui
859 1402 1004 1469 carmina
1018 1400 1141 1471 ludant.

255 1516 422 1587 Acceleret
436 1532 533 1611 partu
549 1518 713 1586 decimum
727 1519 817 1587 bona
829 1519 971 1610 Cynthia
987 1544 1132 1589 mensem
1148 1549 1156 1589 ε

253 1637 318 1705 Sed
332 1651 444 1729 pareat
457 1637 597 1722 Lucina,
613 1633 743 1728 precor!
761 1650 862 1729 tuque
878 1638 951 1730 ipea
965 1641 1093 1730 parenti

253 1759 369 1840 Parce,
384 1780 481 1849 puer3
496 1779 538 1822 ne
552 1752 685 1823 mollem
700 1767 847 1839 uterum,
863 1780 905 1822 ne
919 1757 1039 1823 stantia
1054 1754 1149 1824 laedae

253 1878 405 1958 Pectora3
421 1897 588 1965 quumque
604 1886 676 1941 tuos
691 1873 790 1941 tacito
804 1874 931 1941 Natura
948 1897 1073 1941 recessu

252 1994 417 2060 Formarit
431 1990 562 2078 vultus,
578 1991 719 2059 multum
733 1991 773 2060 de
790 2006 882 2085 patre
896 1991 1042 2077 decoris,

253 2108 331 2178 Plus
344 2109 386 2176 de
403 2122 507 2177 matre
521 2110 614 2177 seras.
629 2113 743 2191 Atta,
761 2108 980 2202 pulcherrima
995 2110 1100 2178 forma
1126 2173 1128 2177 Α

253 2227 424 2312 Italidum,
440 2227 573 2295 tandem
588 2229 707 2295 merito
722 2251 867 2320 possessa
881 2229 1014 2312 marito,

252 2344 370 2414 Vincla
385 2344 443 2412 diu
456 2346 591 2436 quaesita
606 2346 690 2413 fove.
708 2347 761 2412 Sic
778 2344 897 2413 damna
912 2345 1038 2415 decoris

253 2463 355 2535 Nulla
369 2463 444 2547 tibi;
459 2462 564 2556 longae
579 2462 700 2531 virides
718 2464 764 2532 sic
780 2463 861 2531 flore
872 2464 1017 2557 juvente

251 2580 436 2653 Perdurent
451 2578 575 2667 vultus,
592 2579 748 2674 tardeque
761 2582 830 2650 haec
845 2582 950 2650 forma
964 2581 1126 2654 senescat!
