2812 5258
200 1081 334 1146 VILLA
358 1079 599 1149 Tluuuuun
627 1083 786 1151 MANLlI
811 1084 993 1150 VOPISCI.

133 1692 297 1758 Cenum
315 1687 446 1757 facundi
459 1688 562 1756 Tibur
574 1688 710 1782 glaciale
724 1692 857 1782 Vopisci

87 1807 120 1873 Si
135 1808 222 1897 quis,
239 1820 272 1872 et
286 1808 406 1873 inserto
422 1807 570 1899 geminos
585 1809 713 1875 Aniene
726 1821 874 1900 penates,

88 1927 153 1992 Aut
169 1923 277 2013 potuit
290 1924 382 1989 sociae
398 1926 591 1990 commercia
605 1949 737 1992 noscere
751 1927 844 2017 ripae,

88 2040 327 2129 Certentesque
342 2037 402 2104 sibi
421 2037 590 2106 dominum
604 2040 775 2109 defendere
790 2040 904 2126 villas3

88 2153 186 2223 lilum
202 2178 261 2221 nec
276 2152 382 2221 calido
399 2151 531 2220 latravit
546 2156 648 2222 Sirius
663 2169 764 2242 astro,

87 2274 120 2340 N
122 2297 157 2339 ec
172 2273 279 2364 gravis
294 2272 418 2363 aspexit
433 2275 573 2362 Nemees
588 2271 772 2340 frondentis
786 2271 937 2343 alumnus
954 2297 962 2339 ε

86 2389 172 2457 Talis
188 2390 290 2456 hiems
308 2391 413 2473 tectis,
430 2388 586 2482 frangunt
603 2391 648 2457 sic
665 2390 814 2482 improba
829 2388 929 2458 solem

85 2510 234 2600 Frigora,
249 2509 415 2600 Pisaeoque
430 2507 546 2574 domus
563 2530 630 2573 non
645 2520 757 2574 aestuat
772 2531 869 2574 ann0.

134 2626 211 2693 Visa
229 2649 328 2692 manu
346 2638 457 2692 tenera
473 2638 593 2692 tectum
610 2625 773 2716 scripsisse
787 2622 962 2716 Voluptas3

87 2746 178 2810 Tunc
193 2746 306 2811 Venus
320 2741 431 2811 Idaliis
445 2744 539 2810 unxit
554 2742 680 2834 fastigia
695 2743 814 2826 succis,

87 2859 324 2952 Permuisitque
340 2862 460 2947 comis,
476 2858 699 2950 blandumque
714 2856 845 2950 reliquit
859 2860 1017 2927 honorem

86 2977 237 3063 Sedibus,
252 2992 284 3045 et
300 2976 449 3045 volucres
463 2978 566 3045 vetuit
582 2975 747 3044 discedere
762 2989 864 3043 natos.

134 3099 164 3165 O
180 3093 314 3189 longum
332 3093 544 3163 memoranda
558 3091 639 3161 dies!
657 3117 729 3186 quae
742 3107 851 3161 mente
867 3109 998 3186 reporto

87 3211 232 3282 Gaudia!
248 3237 347 3306 quarn
364 3211 463 3280 lassos
477 3235 537 3304 per
553 3226 600 3279 tot
614 3210 772 3280 miracula
786 3207 889 3278 visus!

88 3333 260 3424 ingenium
274 3356 373 3424 quarn
390 3326 566 3398 mitescis!
582 3354 654 3422 quae
668 3331 772 3396 forma
788 3329 891 3397 beatis

90 3449 168 3515 Arte
182 3473 297 3517 manus
313 3473 464 3517 concessa
479 3443 570 3516 locis!
588 3450 666 3516 Non
681 3445 802 3541 largius
818 3471 953 3539 usquam

89 3563 227 3632 Indulsit
242 3581 357 3635 natura
373 3568 445 3634 sibi.
463 3569 606 3635 Nemora
623 3565 688 3634 alta
703 3567 808 3634 citatis

88 3682 269 3750 Incubuere
285 3685 389 3770 vndis3
405 3683 501 3753 fallax
518 3700 685 3776 responsat
701 3688 809 3779 imago

88 3801 114 3865 F
115 3798 285 3885 rondibus,
300 3814 333 3868 et
348 3800 459 3895 longas
474 3803 587 3872 endem
605 3804 688 3898 fugit
703 3804 792 3872 unda
807 3828 867 3896 per
881 3802 1020 3870 umbras.

88 3920 162 4009 ipse
178 3919 285 3986 Anien
301 3920 464 4011 (miranda
480 3922 576 4015 fides)
591 3923 739 4016 infraque
754 3943 915 4016 superque
