2812 5258
185 401 222 468 78
503 369 712 454 Tmamos
733 396 844 453 matt
857 394 907 450 vl.
1105 393 1219 457 (cess.)

184 531 225 594 ln
244 525 388 611 medios,
404 521 533 614 lateque
548 519 655 588 ferens
670 520 731 589 sub
750 534 882 613 pectore
899 517 1016 586 dextro
1143 612 1146 619 Ι

186 648 310 716 Orbem
324 643 424 714 alium
439 666 448 708 z
464 645 587 710 «Hunc
602 641 731 735 potius,
748 640 902 732 juvenes,
919 639 977 755 qui
997 637 1119 706 moenia
1133 641 1220 709 saxis

186 771 365 858 Frangere,
384 761 441 853 qui
459 761 575 855 Tyrias
595 758 758 852 dejectum
776 757 895 828 vaditis
915 781 1025 844 arces,

185 887 281 953 Hunc
297 881 425 975 rapite:
442 895 493 948 ast
510 878 594 949 illud
611 881 665 950 cui
684 904 752 947 non
764 874 942 971 jaculabile
961 875 1085 944 dextra

94 1014 97 1018 ’
185 999 366 1073 Pondus?o
382 1004 426 1071 Et
442 1001 617 1094 abreptum
638 997 730 1068 nullo
747 999 920 1071 conamine
933 998 1015 1090 jecit

181 1131 221 1197 In
237 1126 343 1213 latus3
364 1123 525 1194 absistunt
544 1117 680 1214 procul,
697 1119 894 1211 attonitique
911 1117 1055 1189 fatentur

182 1246 309 1318 Cedere
324 1274 332 1318 :
348 1250 404 1316 νὴ
423 1273 510 1318 unu,
528 1242 708 1335 Phlegyas,
724 1261 863 1330 acerque
877 1236 1087 1306 Menestheus

181 1369 273 1460 (Hos
289 1371 388 1438 etiam
405 1370 515 1464 pudor
532 1383 566 1439 et
584 1368 698 1464 magni
717 1372 853 1428 tenuere
868 1354 1042 1450 Pallantes)

182 1489 366 1557 Promisere
381 1513 541 1557 manum:
558 1488 721 1556 concessit
735 1499 844 1556 cetera
861 1476 966 1569 pubes

184 1609 327 1699 Sponte,
344 1621 378 1674 et
393 1606 530 1674 adorato
548 1604 645 1674 rediit
663 1603 806 1699 ingloria
822 1603 926 1696 disco,

232 1722 350 1812 Qualis
368 1725 522 1793 Bistoniis
538 1721 673 1817 clypeus
687 1725 853 1793 Mavortis
867 1725 903 1793 in
921 1727 1009 1795 arvis

184 1849 274 1915 Luce
291 1843 377 1913 mala
392 1845 533 1938 Pangaea
551 1842 647 1930 ferit,
665 1840 836 1937 solemque
851 1840 1020 1939 refulgens

184 1967 345 2053 Territat,
363 1965 560 2059 incussaque
577 1964 640 2034 Dei
656 1988 758 2059 grave
773 1964 881 2061 mugit
897 1964 942 2037 ab
957 1964 1064 2038 hasta

233 2087 356 2154 Pisaeus
374 2083 535 2181 Phlegyas
551 2109 636 2180 opus
654 2085 811 2173 inchoat,
829 2100 863 2155 et
878 2085 978 2157 simul
998 2112 1110 2158 omnes

186 2203 334 2296 Abstulit
349 2206 384 2273 in
401 2229 436 2274 se
453 2204 570 2275 oculos
585 2206 745 2274 exhausto
764 2228 905 2300 corpore
925 2208 1030 2275 virtus

184 2326 373 2391 Promissa:
391 2345 431 2391 ac
449 2323 597 2414 primum
615 2336 704 2390 terra
723 2322 918 2417 discumque
934 2347 1134 2415 manumque

184 2446 346 2536 Asperat:
366 2460 503 2507 excusso
517 2461 596 2507 mox
614 2439 741 2510 circum
758 2440 897 2537 pulvere
914 2455 1042 2525 versat,

184 2560 284 2652 Quod
300 2559 387 2629 latus
405 2561 441 2628 in
459 2559 598 2654 digitos,
618 2559 735 2632 mediae
751 2561 842 2655 quod
859 2563 981 2632 certius
999 2559 1085 2631 ulnae

185 2682 394 2752 Conveniat:
410 2704 479 2749 non
497 2681 578 2752 artis
596 2705 696 2778 egens
711 2708 720 2753 ε
737 2682 795 2752 hic
810 2706 940 2777 semper
956 2684 1061 2752 amori

186 2802 301 2873 Ludus
317 2817 406 2891 erat,
426 2803 542 2897 patriae
559 2826 627 2872 non
644 2819 775 2873 tantum
788 2802 845 2871 uhi
864 2799 970 2871 laudis
988 2802 1081 2870 obice

187 2928 307 3010 Sacra,
329 2923 387 2992 sed
402 2921 536 2993 alternis
555 2922 707 3018 Alpheon
728 2924 895 3016 utrimque
914 2919 1041 2991 solebat

186 3044 298 3112 Metiri
315 3042 416 3137 ripis,
433 3058 489 3127 ct,
507 3068 572 3136 qua
589 3041 750 3111 latissima
769 3041 914 3128 distant,

186 3165 263 3232 Non
281 3187 428 3257 unquam
446 3187 553 3232 merso
573 3150 793 3230 transmittere
808 3161 946 3230 flumina
963 3161 1065 3232 disco.

159 3272 161 3275 ⁸
187 3286 275 3376 Ergo
292 3306 433 3375 operum
452 3282 575 3370 fidens,
595 3305 664 3349 non
681 3281 833 3374 protinus
855 3281 992 3351 horrida
1010 3283 1118 3374 campi

186 3406 204 3469 J
206 3425 326 3496 ugera,
346 3401 401 3469 sed
423 3398 505 3469 coelo
523 3400 674 3470 dextram
692 3402 838 3487 metitur,
856 3402 1013 3494 humique

186 3521 321 3588 Pressas
339 3533 482 3611 utroque
503 3544 609 3614 genu,
627 3519 766 3590 collecto
784 3522 947 3615 sanguine
967 3521 1094 3591 discum

187 3642 261 3733 Ipse
282 3663 380 3732 super
399 3663 467 3708 sese
486 3654 592 3727 rotat,
613 3655 713 3734 atque
732 3644 767 3709 iu
785 3640 900 3711 nubila
918 3641 1041 3710 condit.

186 3757 245 3828 Ille
265 3761 350 3828 citus
369 3757 508 3828 sublime
527 3762 628 3854 petit,
650 3759 833 3853 similisque
854 3762 985 3831 cadenti

185 3881 312 3950 Crescit
330 3881 364 3947 in
386 3880 581 3968 adversum,
602 3882 802 3974 tandemque
820 3883 997 3952 exhaustus
1015 3882 1057 3951 ab
1077 3880 1144 3950 alto

95 3990 97 3994 ¹
186 3999 327 4070 Tardior
346 4001 380 4069 in
399 4014 521 4069 terram
539 4001 641 4087 redit,
660 4016 760 4095 atque
781 4005 989 4099 immergitur
1007 4003 1103 4071 arvis.
