2812 5258
91 415 206 480 (mss.)
402 411 614 468 rueramus
636 410 746 466 uuna
769 411 803 464 x.
1081 413 1131 467 181

141 539 230 610 Talis
245 552 316 608 erat
336 552 452 606 turmoe
467 537 586 605 ductor
604 533 774 629 lougaevus
791 535 935 605 Aclrivae.

93 665 162 733 Nec
182 661 272 730 deest
288 660 402 754 coeptis
421 683 461 725 :a
480 656 579 727 Unde
597 656 666 728 haec
687 671 753 724 tam
774 681 847 725 sera
864 670 1000 750 repente

92 780 262 851 Numina?
278 782 335 874 qui
353 778 481 847 fractos.
496 777 615 872 Superi
633 775 775 846 rediistis
796 777 839 844 ad
854 778 980 871 Argos?

92 905 197 970 Estne
217 901 271 969 hic
291 898 404 968 infelix
420 895 550 967 virtus?
566 897 725 991 gentique
746 914 911 991 superstes

92 1024 254 1117 Sanguis,
272 1037 304 1089 et
323 1023 357 1089 in
372 1021 502 1089 miseris
522 1019 712 1089 animorum
729 1019 856 1087 semina
875 1018 1017 1088 durant?

94 1143 211 1213 Laudo
231 1141 404 1236 equidem,
425 1141 549 1234 egregii
563 1139 720 1231 juvenes,
739 1136 945 1234 pulchraque
964 1165 1115 1209 meorum

94 1263 265 1333 Seditione
283 1263 402 1331 fruor:
422 1259 479 1328 sed
497 1257 668 1346 fraudem,
688 1273 721 1326 et
738 1276 857 1355 operta
874 1285 1028 1354 paramus

93 1384 239 1453 Proelia:
259 1380 388 1452 celandi
408 1395 518 1450 motus
538 1405 546 1448 :
568 1404 742 1473 nunquam
762 1395 841 1476 apta
860 1379 978 1449 latenti

92 1505 207 1573 Turba
226 1501 305 1572 dolo
324 1529 332 1570 τ
353 1516 482 1570 servate
500 1502 628 1570 animos
647 1526 655 1569 :
675 1502 767 1569 venit
783 1498 873 1571 ultor
890 1503 924 1569 in
942 1501 1055 1570 hostes

94 1628 181 1693 Ecce
199 1623 268 1691 dies
287 1649 295 1691 :
319 1637 398 1691 tuuc
416 1647 508 1692 arma
525 1619 655 1716 palam,
676 1637 756 1711 tunc
775 1623 895 1693 ibimus
913 1647 1040 1692 omnes.
1063 1653 1079 1686 »

147 1745 207 1813 His
225 1743 358 1813 tandem
377 1744 483 1813 virtus
497 1741 659 1836 juvenum
677 1743 808 1813 frenata
826 1747 962 1837 quievit.

96 1867 173 1934 Non
191 1863 289 1934 aliter
304 1880 396 1935 moto
413 1888 513 1956 quam
532 1865 559 1931 si
581 1878 676 1957 pater
694 1862 808 1933 AEolus
827 1879 926 1933 antro

97 1991 233 2055 Portam
255 1989 375 2056 iterum
397 2009 475 2053 saxo
493 1999 624 2079 premat
642 1986 858 2078 imperiosus,
876 2000 911 2054 et
925 2009 1025 2053 omne

98 2105 243 2177 Claudat
261 2108 340 2189 iter,
356 2107 495 2198 jamjam
514 2105 727 2199 sperantibus
744 2130 879 2197 aequora
896 2107 1013 2173 ventis.

97 2231 240 2321 Insuper
258 2224 460 2295 Herculeum
477 2224 538 2292 sibi
554 2225 669 2320 jungit
688 2224 825 2319 Agyllea
843 2239 931 2294 vates

97 2354 286 2440 Actoraque
305 2373 312 2413 :
332 2347 386 2414 lric
404 2359 502 2438 aptus
519 2343 675 2431 suadere,
694 2346 750 2415 hic
767 2346 886 2415 robora
900 2348 1025 2440 jactat.

55 2477 59 2483 ’
98 2470 175 2537 Non
196 2468 332 2536 cessisse
352 2467 440 2561 patri
460 2491 467 2532 :
488 2466 628 2534 comites
644 2466 752 2535 tribus
771 2466 889 2537 ordine
907 2464 1002 2552 deni,

12 2652 17 2659 .
99 2588 312 2657 Horrendum
329 2588 465 2668 Aoniis,
487 2600 520 2654 et
538 2601 657 2655 contra
676 2587 858 2673 stantibus,
877 2613 1007 2681 agmen.

151 2714 242 2803 Ipse,
262 2709 340 2778 novi
360 2705 517 2802 gradiens
537 2705 626 2773 surta
643 2705 686 2773 ad
704 2709 866 2775 mavortia
883 2706 982 2793 belli,

101 2831 201 2900 Ponit
219 2828 373 2898 adoratas
391 2825 537 2897 Phoebea
556 2825 699 2918 insignia
720 2824 873 2909 frondes,

101 2951 329 3045 Lougaevique
348 2946 442 3016 ducis
462 2947 592 3040 gremio
610 2943 825 3015 commendat
844 2947 1005 3016 honorem

101 3072 253 3157 Frontis,
271 3082 304 3137 et
321 3066 468 3135 oblatam
488 3064 656 3162 Polynicis
674 3090 812 3135 munere
830 3082 926 3161 grato
980 3118 986 3127 .

102 3192 257 3261 Loricam
277 3186 474 3282 galeamque
491 3187 580 3256 subit
599 3213 607 3254 ε
627 3186 717 3255 ferus
736 3191 858 3257 Actora
880 3213 1002 3282 magno

103 3292 191 3381 Ense
212 3324 329 3405 gravat
346 3312 538 3401 Capaneus,
558 3309 629 3403 ipse
645 3306 735 3376 haud
756 3307 911 3401 dignatus
933 3311 966 3376 in
987 3309 1116 3379 hostem

102 3437 155 3501 lre
175 3431 270 3519 dolo,
290 3433 502 3524 superosque
518 3429 611 3522 sequi
632 3454 640 3497 :
660 3443 827 3522 permutat
850 3429 1008 3525 Agylleus

104 3558 205 3621 Arma
225 3553 327 3622 trucis
345 3551 459 3621 Nomii
478 3576 486 3618 :
507 3547 588 3642 quid
606 3551 695 3617 enim
712 3548 903 3620 fallentibus
922 3553 1051 3622 umbris

103 3678 229 3756 Arcus,
248 3686 281 3739 et
296 3670 466 3741 Herculeae
478 3671 643 3764 juvissent
657 3667 743 3739 bella
764 3673 912 3766 sagitta?

155 3790 237 3861 Indo
255 3815 315 3886 per
331 3792 488 3887 abruptas
502 3806 688 3860 castrorum
707 3815 748 3860 ex
762 3817 884 3888 aggere
900 3797 1039 3889 pinnas,

106 3919 158 3986 Ne
179 3914 289 4008 gravis
305 3908 468 3979 exclamet
487 3926 591 4005 portae
610 3913 757 4007 mugitus
776 3914 908 4002 ahena,

106 4036 319 4131 l’roecipitaut
334 4030 420 4101 saltu
435 4057 442 4100 :
460 4053 519 4097 nec
540 4029 694 4125 longum,
716 4046 750 4099 et
766 4036 919 4126 protinus
936 4039 1053 4132 ingens
