2812 5258
326 444 381 507 ut
692 428 982 485 auroranouns

366 552 450 606 Mons
463 548 500 627 (v.
522 567 557 620 ²7
573 545 735 624 sqq.).Vide
748 545 785 600 ad
803 563 831 616 1,
851 544 888 616 6,
903 542 957 616 263
970 553 999 601 et
1012 542 1050 601 de
1062 546 1242 621 metaphora,
1258 570 1288 608 v.
1308 556 1358 628 31,

324 642 383 698 vid.
401 644 516 697 Mam.

366 733 502 787 Secreta...
523 727 648 783 carmina
667 724 705 803 (v.
726 723 787 802 55).
809 726 903 781 «Sunt
923 725 1046 781 oarmina
1062 726 1275 803 reconditiora,
1296 752 1359 791 non

327 822 485 897 quotidiani
503 831 615 888 cantus,
630 828 663 872 ut
676 818 761 872 vestis·
774 818 900 890 seposita
915 817 993 891 apud
1007 817 1160 877 Tibullum.
1169 844 1182 869 ιι
1194 824 1318 881 Maur..

364 915 496 968 Patrio...
518 922 636 966 senectoe
653 907 692 986 (v.
711 906 772 985 58).
791 909 979 982 Vespasianus
998 910 1073 965 enim
1084 910 1154 967 vixit
1166 914 1247 971 annis
1268 936 1359 975 sexa.

327 1006 404 1083 ginta
429 1023 539 1060 novem.
564 1004 661 1058 Paullo
686 1010 752 1074 post
768 1001 868 1057 Mai-ll.
887 1021 903 1057 e
923 1001 1028 1058 Barthii
1045 1003 1120 1077 conj.
1135 1024 1144 1060 t
1162 1028 1176 1055 ι
1190 1005 1360 1087 habilesque

328 1098 427 1154 domos
431 1122 461 1167 ‚u
475 1095 554 1170 quod
568 1092 761 1166 recipiendum
773 1104 833 1149 erat
845 1113 899 1167 pro
912 1093 1047 1151 uhabitea.
1056 1118 1070 1146 »

367 1192 459 1244 Clau.
474 1190 524 1244 111.
539 1184 779 1259 Hendecasyllabi.
794 1188 907 1257 Fossas,
921 1206 983 1260 qua
996 1186 1070 1241 viam
1083 1186 1208 1261 Appiam
1220 1188 1251 1246 in
1263 1201 1360 1249 tractu

327 1277 505 1338 terracinensi
520 1275 660 1333 difficilem
669 1275 824 1332 reddebant
831 1274 898 1354 (vid.
906 1277 1026 1351 interpp.
1037 1277 1074 1334 ad
1088 1278 1207 1351 Horat,
1221 1280 1282 1339 Sat.
1289 1302 1311 1355 1,
1320 1284 1358 1361 5),

328 1370 505 1428 Domitianus
518 1368 608 1425 arenis
617 1367 754 1442 congestis
767 1369 886 1442 replevit
898 1379 927 1425 et
938 1368 1097 1437 siliceviam
1109 1370 1214 1427 stravit
1224 1374 1359 1432 Celebrat

327 1463 384 1517 boo
397 1461 480 1517 etiam
492 1458 641 1530 Martialis,
656 1476 700 1528 ix,
721 1466 784 1525 rol.

368 1554 428 1608 Nec
431 1552 547 1625 frangit
559 1547 596 1625 (v.
612 1568 627 1619 7
649 1546 714 1626 sq.).
729 1552 806 1605 Nero
823 1550 925 1605 fossam
945 1549 981 1605 ad
997 1548 1183 1627 navigandum
1195 1570 1250 1625 par
1262 1557 1357 1611 Pon.

328 1644 421 1720 ptinaa
436 1641 553 1717 paludes
567 1660 584 1695 a
597 1640 699 1696 baiano
713 1637 785 1717 (aliis
798 1641 835 1696 ab
848 1637 964 1719 averno)
976 1642 1041 1697 lacu
1053 1641 1213 1719 Ostiamque
1231 1643 1358 1702 inchoa-

329 1745 415 1792 verat.
435 1735 519 1789 Plura
531 1751 558 1786 v.
577 1750 622 1806 ap.
637 1734 779 1801 Gronov„
798 1750 822 1788 c.
841 1749 940 1787 xxm.

372 1827 492 1883 Comme
504 1822 542 1901 (v.
560 1842 594 1879 ro
608 1822 672 1901 sq.).
687 1824 813 1895 Claudit,
827 1823 908 1898 ligat3
920 1844 947 1880 v.
962 1826 1071 1896 Gaetu,
1084 1842 1114 1899 p.
1129 1832 1185 1893 alo
1198 1844 1292 1901 ιφ-
1302 1829 1360 1901 Qu·

330 1931 418 1975 castoe
437 1916 535 1972 Cereri.
548 1915 721 1971 Referuntur
732 1916 804 1987 haec,
822 1916 987 1972 observante
1006 1916 1169 1989 bernar-tio,
1182 1917 1223 1975 ad
1234 1918 1361 1977 edictam

330 2007 484 2066 Domitiani
498 2032 510 2056 «ι
525 2006 706 2062 existimantis
714 2006 803 2062 nimio
810 2007 955 2062 vinearum
971 2006 1066 2063 studio
1083 2008 1190 2084 negligi
1202 2026 1272 2066 arva
1290 2030 1300 2066 t
1316 2014 1360 2069 lle

331 2101 395 2174 quis
409 2100 439 2154 in
452 2096 532 2155 ltalia
545 2098 710 2163 novellaret,
723 2107 809 2171 atque
822 2096 851 2151 in
864 2096 1016 2170 provinciis
1028 2096 1124 2153 vineta
1135 2098 1358 2172 mundemur,

331 2192 441 2262 relicta,
455 2190 507 2245 ubi
518 2188 689 2263 plurimum,
709 2187 826 2244 dimidia
838 2199 932 2262 parte,
945 2214 957 2239 ι
973 2200 1006 2245 ut
1018 2189 1057 2245 ait
1068 2190 1208 2263 sueton,
1220 2210 1246 2248 o.
1263 2212 1359 2251 vu.—

335 2284 392 2354 Qui
403 2301 501 2338 censor
512 2281 649 2355 probibet.
669 2280 743 2337 Vide
761 2280 798 2335 ad
813 2300 874 2351 111,
890 2288 923 2350 4,
942 2284 989 2353 73.
1005 2284 1049 2339 De
1066 2280 1194 2341 aedificiis
1205 2284 1359 2343 Domitiani

332 2373 427 2429 omnia
444 2373 502 2428 fere
515 2383 598 2440 uota,
616 2371 731 2444 insuper
744 2371 870 2445 exposita
884 2390 900 2427 a
913 2372 1012 2429 Markl.
1029 2372 1067 2429 ad
1078 2391 1134 2429 vu.
1150 2372 1201 2444 16,
1215 2392 1262 2451 19,
1276 2394 1321 2433 ao.

371 2466 443 2533 Hic,
456 2482 535 2518 coeno
549 2463 641 2517 bibulo
655 2459 692 2539 (v.
713 2481 749 2518 ao
767 2461 851 2540 sqq.).
865 2464 931 2519 Haec
944 2463 983 2519 ita
997 2482 1014 2520 a
1026 2463 1128 2521 Moru
1141 2462 1255 2539 afim,
1274 2486 1358 2525 enar-

332 2566 411 2613 rante
430 2555 533 2609 horum
546 2572 678 2608 versuum
695 2554 863 2609 sententiam
884 2554 950 2628 ipsis
963 2555 1021 2611 sere
1042 2554 1126 2612 Statii
1135 2556 1228 2613 verbis
1247 2578 1257 2613 τ
1273 2581 1288 2609 ι
1307 2559 1362 2615 vin

332 2647 446 2721 publica
454 2645 491 2700 ad
499 2646 613 2714 Cumas,
622 2643 713 2699 sinum
726 2662 882 2718 gauranum
895 2656 923 2701 et
931 2645 1024 2715 Baias,
1036 2646 1153 2721 pertine
1164 2644 1267 2703 allecta
1275 2659 1340 2705 eat
1353 2670 1361 2705 ι

334 2739 441 2812 quippe
471 2738 583 2792 obsessa
606 2735 751 2809 profunda
767 2747 795 2791 et
816 2738 894 2811 gravi
913 2755 1011 2806 arena,
1023 2737 1097 2795 adeo
1118 2746 1151 2793 ut
1170 2760 1183 2787 ι
1203 2736 1291 2815 piger
1308 2759 1362 2798 axe

333 2840 429 2884 vectus
447 2827 506 2883 udo
519 2837 632 2882 nutaret
651 2845 735 2900 cruce
747 2827 872 2899 pendula
888 2828 990 2896 viator,
1006 2828 1188 2902 sorberetqua
1205 2839 1289 2886 rotas
1302 2850 1363 2888 naa·

334 2920 408 2993 ligna
421 2920 511 2974 tellus.
523 2942 535 2966 υ
549 2920 608 2974 Nec
622 2919 773 2992 quicquam
788 2917 957 2992 proficeres,
970 2918 995 2975 si
1006 2918 1082 2975 viam
1099 2918 1244 2996 publium
1257 2923 1363 2980 antam

334 3012 418 3066 velles
436 3020 464 3065 et
476 3028 528 3082 per
541 3028 656 3083 campos
672 3010 899 3081 circumjacentes
915 3011 970 3066 iter
984 3010 1077 3069 lacere
1094 3029 1103 3067 τ
1117 3010 1226 3087 quippe
1239 3014 1362 3071 Vultur-

335 3122 388 3158 nus
401 3102 489 3158 amnis
508 3119 557 3156 eos
575 3101 689 3155 tenebat
710 3120 717 3154 ε
739 3100 812 3157 adeo
825 3112 858 3156 ut
877 3125 890 3151 α
899 3103 980 3175 plebs
994 3102 1024 3158 in
1039 3101 1140 3161 modiis
1158 3102 1247 3161 latina
1259 3107 1364 3181 campis

334 3193 463 3248 horreret
474 3193 545 3247 mala
558 3190 752 3263 navigationis.
768 3216 780 3241 υ
794 3192 909 3265 Duplici
920 3193 988 3249 buio
1000 3193 1184 3251 incommodo
1196 3198 1365 3255 occurebat

335 3281 513 3336 Domitianus
531 3301 538 3335 ε
555 3299 693 3353 namque,
707 3281 808 3338 effossa
826 3284 916 3339 veteri
934 3284 1067 3354 materia,
1086 3284 1228 3342 mab
1248 3296 1279 3343 et
1297 3306 1364 3344 nouo

336 3369 439 3438 abjectu
453 3371 531 3424 aiom
547 3372 690 3426 solidabat
707 3392 845 3447 :campos
862 3392 932 3432 veru
945 3374 1083 3445 restituit,
1095 3374 1231 3433 saum
1249 3379 1364 3434 laam

336 3469 380 3529 et,
400 3471 490 3534 ponte
514 3460 603 3531 lacto,
624 3463 798 3518 Vulttnnum
820 3464 849 3519 in
867 3466 996 3522 ordinem
1009 3475 1038 3521 et
1059 3465 1171 3521 alveum
1183 3486 1272 3525 auum
1288 3468 1364 3527 rotli-

335 3551 470 3625 gendo.»
491 3553 533 3606 De
550 3552 661 3625 poetica
685 3554 829 3612 locutione
848 3556 948 3613 llomoe
966 3556 1091 3613 admovit
1113 3558 1225 3628 Barba,
1248 3562 1365 3637 pulchre

336 3643 392 3717 egit
405 3645 548 3713 Grouou,
559 3661 588 3715 p.
604 3642 659 3699 258
674 3663 738 3719 sqq.

377 3733 481 3787 vaes
493 3752 595 3788 areuna
609 3732 647 3811 (v.
663 3733 721 3811 23).
738 3736 826 3793 Vetus
840 3737 935 3812 aliqua
948 3738 993 3795 ed.
1007 3738 1140 3797 exhibere
1160 3740 1274 3799 dicitnr
1287 3762 1298 3799 t
1309 3762 1365 3819 p!-

329 3835 390 3878 ms
403 3844 413 3877 :
427 3841 454 3878 v.
472 3827 589 3882 Mun.
607 3827 758 3900 Speciose3
771 3829 822 3885 sed
836 3841 960 3887 erratum
978 3831 1095 3888 fortasse
1108 3832 1149 3889 ob
1162 3852 1192 3890 v.
1208 3834 1280 3897 ηδ.

375 3915 480 3969 latina
493 3913 530 3992 (v.
540 3915 597 3994 30).
606 3918 676 3973 Cod.
690 3920 775 3978 Paris.
786 3938 884 3996 margo
899 3941 907 3976 ε
921 3924 1044 3992 lartio,
1059 3942 1124 3981 oum
1136 3924 1177 4002 gl.
1192 3946 1201 3983 ε
1215 3928 1367 3984 mm

336 4008 364 4061 in
381 4006 541 4082 Campania
553 4020 624 4064 sunt.
