2812 5258
289 464 347 526 ψ
579 453 794 510 multos
814 455 926 511 um
944 454 1010 510 ΧΠ.
1206 456 1241 517 (ι.
1256 456 1329 517 ³2⁵.)

289 587 364 651 Huc
381 581 495 650 attolle
511 604 628 674 genas,
642 578 835 672 dumque
851 580 978 649 lumina
995 607 1003 647 :
1023 583 1115 646 venit

287 703 340 774 Ad
356 703 486 772 Thebas
500 702 601 793 Argia
621 714 696 768 tuas
713 727 722 767 :
739 724 820 794 age,
838 701 1003 769 mnibus
1023 684 1167 787 induc,

287 828 332 894 Et
350 824 473 917 pau-ios
491 820 629 890 ostende
643 820 745 907 lares,
762 838 796 891 et
812 838 931 892 mutua
945 822 1048 891 redde

287 945 439 1038 Hospitis
453 969 463 1010 :
481 943 546 1012 beu
562 941 645 1035 quid
661 942 748 1037 ago?
764 945 934 1037 projectus
950 945 1076 1036 cespite
1095 942 1188 1012 nudo

286 1068 358 1134 Hoc
375 1066 489 1159 patria
505 1061 633 1132 telluris
652 1062 775 1131 babes?
789 1087 864 1156 qua
878 1065 1012 1159 jurgia?
1027 1079 1118 1133 oerte

286 1186 468 1278 Imperium
487 1209 555 1252 non
575 1183 677 1252 buter
697 1184 823 1251 babet:
843 1183 995 1252 nullasne
1011 1199 1146 1253 tuorum

168 1314 172 1321 '
286 1306 422 1374 Movisti
439 1302 622 1397 lacrymas?
639 1303 696 1371 ubi
713 1304 840 1373 mater?
857 1305 915 1373 ubi
932 1303 1054 1398 inclyta
1075 1304 1163 1373 sama

286 1424 473 1518 Antigone?
489 1424 572 1492 mibi
590 1448 708 1516 nempe
721 1425 811 1516 janes
829 1451 838 1491 ε
855 1425 937 1493 mihi
956 1427 1063 1494 victus
1078 1451 1114 1494 es
1129 1430 1198 1494 uni.

285 1544 466 1628 Dicebam,
486 1567 555 1635 quo
576 1541 684 1611 tendis
702 1542 788 1610 iter?
804 1543 885 1636 quid
902 1559 1032 1638 sceptra
1050 1561 1168 1640 negata

284 1663 1153 1758 Poscisibabesbrgoszsooeriregnabisinaula:

284 1787 347 1854 uic
364 1784 424 1852 tibi
446 1782 564 1878 longus
581 1785 709 1870 honos,
726 1783 782 1852 hic
798 1783 939 1853 indivisa
959 1800 1116 1879 potestas.

284 1904 376 1994 Quid
397 1904 544 1997 queror?
562 1907 634 1998 ipsa
650 1904 728 1974 dedi
747 1904 892 1993 bellum,
909 1922 1129 2000 moestumque
1148 1911 1262 2002 rogavi

284 2029 362 2120 lpsa
378 2040 527 2121 pam,
545 2039 584 2094 ut
601 2024 701 2095 telem
719 2052 811 2096 nuuc
830 2043 862 2096 te
879 2028 1051 2123 complexa
1071 2045 1226 2098 tenerem.

196 2132 203 2145 ⁶
285 2145 352 2215 Sed
361 2147 444 2214 bene
456 2146 864 2242 babet,Superi:gramm
876 2153 1259 2244 est,Fortuua:peracts
1274 2166 1326 2220 oet

284 2268 365 2360 Spes
384 2264 568 2360 longinqua
583 2267 646 2334 vie
665 2293 674 2333 ε
692 2281 780 2336 totos
799 2269 985 2338 invenimus
998 2285 1102 2340 artus.

284 2386 345 2453 Hei
364 2385 464 2470 mibi,
486 2384 543 2455 sed
560 2400 686 2478 quanto
702 2385 874 2454 deseendit
891 2387 1013 2457 vulnus
1029 2389 1138 2458 biatu!

283 2510 356 2574 Hoc
372 2505 491 2575 frater?
508 2531 575 2598 qua
591 2520 701 2599 parte,
716 2528 851 2599 precor,
867 2507 955 2600 jacet
973 2506 1028 2576 itte
1047 2508 1208 2577 nefandus

283 2625 474 2696 Praedator?
491 2627 620 2695 vincum
639 2625 810 2713 volucres,
829 2629 873 2695 sit
889 2627 981 2696 adire
998 2642 1158 2722 potestus,

284 2745 533 2838 Excludamque
552 2745 637 2815 seras
658 2771 667 2815 τ
688 2771 731 2815 an
751 2747 850 2816 habet
871 2747 1018 2817 fimestus
1036 2761 1070 2815 et
1087 2747 1197 2841 ignes?

283 2866 347 2934 Sed
367 2891 426 2934 nec
444 2881 478 2934 te
495 2865 637 2934 flammis
655 2868 788 2962 inopem
808 2883 864 2937 tua
882 2882 969 2935 terra
986 2866 1134 2935 videbit:

283 2985 442 3069 Ardebis,
459 2984 685 3079 lacrymasque
702 2987 804 3070 feres,
822 3009 903 3077 quas
923 2985 1010 3054 ferre
1029 3002 1182 3080 negatum

283 3106 445 3201 Regibus,
460 3122 687 3199 {eternumque
703 3121 760 3173 tuo
777 3100 935 3172 famulata
956 3105 1109 3200 sepulcro

283 3230 427 3298 Durabit
443 3230 571 3299 deserta
589 3229 685 3314 fides,
704 3227 859 3317 testisque
880 3226 1033 3296 dolorum

282 3351 389 3420 Natus
409 3351 489 3436 orit,
508 3371 676 3442 parvoque
695 3359 805 3414 torum
826 3346 981 3440 Polynice
1001 3349 1160 3417 fovebo.»

330 3472 415 3538 Ecce
435 3467 516 3537 ulios
532 3467 692 3560 gemitus,
711 3463 877 3559 aliamque
899 3468 941 3536 ad
959 3469 1056 3537 busta
1077 3469 1200 3536 serebat

282 3588 447 3681 pntigone
466 3585 650 3655 miserenda
670 3585 791 3672 facem,
810 3588 864 3655 vix
884 3603 981 3656 nacta
999 3591 1120 3682 petitos

280 3706 447 3775 Moenibus
465 3730 614 3798 egressus
632 3731 639 3773 :
657 3705 747 3775 illam
767 3732 844 3776 nam
865 3722 1012 3801 tempore
1030 3712 1171 3779 inomni

280 3823 464 3895 Attendunt
483 3823 616 3920 vigiles,
634 3842 669 3895 et
687 3851 745 3895 rex
760 3829 856 3920 jubet
875 3829 944 3923 ipse
962 3831 1090 3916 timeri,

281 3949 533 4043 Contractaeque
554 3949 659 4035 vices,
676 3963 709 4016 et
728 3949 877 4017 crebrior
897 3950 1038 4018 excubat
1056 3953 1151 4046 ignis.

282 4070 369 4162 Ergo
387 4069 485 4155 Deis,
506 4067 667 4162 fratrique
685 4094 794 4137 moras
809 4086 965 4154 excusat,
981 4087 1014 4139 et
1031 4097 1164 4157 amens,
