2812 5258
182 375 1225 409 mumma

421 629 627 735 LIBER
665 631 980 759 QUINTUS.

630 971 760 989 -Qw

186 1161 311 1287 Pansa
330 1213 401 1281 sitis
422 1211 541 1296 lluvio,
564 1208 788 1304 populataque
808 1211 948 1305 gurgitis
966 1209 1097 1280 alveum

184 1333 327 1427 Agmina
343 1330 540 1425 linquebant
559 1333 666 1424 ripas,
687 1354 886 1423 amnemque
906 1332 1066 1400 minorem
1085 1358 1093 1399 :

184 1454 304 1523 Acrior
319 1467 357 1524 et
373 1475 526 1549 campum
547 1451 679 1544 sonipes
700 1451 808 1545 rapit,
827 1465 862 1518 et
879 1451 980 1544 pedes
1000 1477 1079 1520 arva

183 1572 305 1667 Implet
322 1595 425 1641 ovans
445 1595 454 1638 ε
472 1569 601 1639 rediere
619 1571 699 1638 viris
718 1570 905 1662 animique,
924 1573 1105 1665 minaeque,

184 1695 354 1785 Votaque,
375 1691 565 1784 sanguineis
583 1691 723 1759 mixtum
743 1714 803 1758 ceu
825 1688 973 1759 fontibus
993 1694 1103 1785 ignem

184 1814 379 1881 Hausissent
398 1808 494 1896 belli,
516 1834 721 1904 magnasque
741 1812 775 1878 in
795 1808 911 1903 proelia
931 1827 1067 1880 mentes.

233 1933 394 2027 Dispositi
413 1933 447 2000 in
468 1945 594 2000 turmas
612 1957 743 2019 rursus,
763 1932 935 2028 legemque
957 1937 1061 2004 severi

186 2055 341 2140 Ordinis,
361 2068 399 2123 ut
417 2055 537 2146 cuique
557 2070 634 2122 ante
652 2053 763 2143 locus,
782 2054 986 2151 ductorque,
1004 2072 1181 2126 monentur

185 2179 376 2244 lnstaurare
394 2177 473 2243 vias.
495 2174 607 2243 Tellus
622 2176 693 2267 jam
712 2174 850 2269 pulvere
868 2179 976 2270 primo

186 2295 332 2378 Crescit,
354 2307 387 2361 et
406 2318 575 2362 armorum
595 2295 825 2361 transmittunt
846 2293 978 2388 lirlgura
997 2293 1094 2363 silvae.

186 2410 308 2504 Qualia
327 2425 418 2479 trans
437 2412 581 2480 Pontum
600 2411 729 2479 Phariis
749 2410 881 2480 defensa
898 2413 1019 2480 serenis

187 2537 300 2602 Rauca
317 2530 503 2600 Paratonio
522 2528 686 2599 decedunt
703 2533 836 2626 agmina
854 2533 950 2612 Nilo,

188 2656 302 2743 Quum
321 2653 391 2722 fera
409 2652 504 2746 ponit
521 2652 626 2720 hiems
644 2678 652 2721 ε
672 2652 734 2722 illae
752 2654 908 2751 clangore
927 2656 1054 2752 fugaci,

189 2774 317 2844 Umbra
339 2772 428 2841 fretis
449 2774 619 2866 arvisque,
641 2773 754 2843 volant
775 2802 782 2843 :
804 2793 900 2846 sonat
920 2780 1013 2846 avius
1033 2779 1145 2847 ather.

189 2898 261 2964 Jam
281 2899 409 2962 Borean
430 2894 616 2986 imbresque
636 2897 722 2987 pati,
739 2897 807 2988 jam
824 2923 903 2966 nare
921 2897 1035 2967 solutis

190 3014 369 3100 Amnibus,
390 3027 424 3080 et
441 3014 532 3081 nudo
547 3015 643 3106 juvat
661 3017 810 3084 aestivare
830 3017 891 3086 sub
910 3023 1033 3087 Haemo.

239 3135 302 3200 Hic
321 3157 435 3202 rursus
457 3133 554 3202 simili
575 3157 749 3228 procerum
769 3135 912 3206 vallante
931 3166 1054 3208 corona

190 3257 267 3322 Dux
285 3250 512 3338 Talaionides,
532 3254 667 3346 antiqua
690 3269 726 3321 ut
746 3254 830 3322 forte
851 3259 912 3325 sub
933 3284 1017 3326 orno

191 3370 322 3455 Stabat,
342 3384 374 3437 et
392 3371 517 3438 admoti
536 3374 632 3440 nixus
649 3373 813 3466 Polynicis
834 3378 868 3445 in
887 3378 1014 3446 hastam
1035 3406 1042 3446 :

239 3497 312 3558 «At
331 3504 459 3577 tamen,
481 3517 502 3558 o
521 3516 726 3586 quaecunque
747 3522 799 3583 es,
820 3500 883 3584 ait,
904 3502 958 3568 cui
979 3500 1084 3593 gloria
1106 3515 1197 3568 tanta

190 3612 351 3679 Venimus
370 3611 549 3678 innumerae
568 3610 671 3681 fatum
691 3613 810 3685 debere
830 3620 1001 3706 cohortes,

191 3732 301 3818 Quem
319 3754 386 3797 non
407 3730 475 3823 ipse
492 3734 600 3799 Deum
619 3748 709 3802 sator
727 3736 943 3830 adspernetur
960 3740 1139 3826 honorem,

191 3854 255 3921 Dic
275 3874 335 3944 age
356 3849 515 3944 (quando
537 3855 600 3920 tuis
621 3853 744 3925 alacres
764 3861 944 3929 assistimus
965 3860 1088 3956 undis)

192 3973 274 4060 Quae
292 3970 427 4055 domus,
444 3987 502 4040 aut
520 3971 634 4055 tellus,
654 3979 797 4046 animam
815 3982 936 4073 quibus
952 3982 1099 4050 hauseris
1116 3981 1233 4049 astris?
