2812 5258
58 413 82 451 a·
101 407 171 469 ns,
359 405 570 464 mammos
592 407 700 463 unm
723 408 772 463 rx.
1039 403 1092 463 raa

58 532 245 614 Victorem,
266 528 334 618 vel,
354 532 380 597 si
400 529 509 625 ampla
530 546 627 625 peto,
648 530 691 599 da
709 533 813 600 visere
830 546 971 601 tantum.

58 652 124 720 llic
140 650 251 740 sudet,
270 666 391 745 tuaque
408 676 501 720 arina
520 650 603 720 ferat
623 678 631 720 z
655 677 785 746 preme,
809 652 913 740 Dira,
931 647 1094 721 malorum

58 773 181 866 Signa:
198 771 279 865 quid
295 774 328 843 in
348 773 489 861 nostris,
510 771 688 842 nemoralis
704 768 818 861 Delia,
837 772 927 841 silvis

57 890 226 961 Maenades
245 890 396 980 hostiles,
413 892 638 987 Thebanaque
655 894 792 963 numina
810 890 971 988 regnant?

58 1013 120 1080 Hei
140 1009 237 1081 mihi!
257 1038 316 1082 cur
334 1015 466 1107 penitus
482 1012 625 1109 (simque
643 1037 750 1109 augur
765 1036 856 1082 cassa
869 1006 1033 1106 hrturil),

59 1135 128 1202 Cur
145 1135 294 1226 penitus,
312 1158 500 1227 magnoque
520 1136 724 1226 interpretor
742 1134 853 1202 omine
871 1127 1051 1226 quercum?
1103 1166 1107 1174 ·

59 1252 159 1340 Quod
175 1256 202 1322 si
222 1277 301 1322 vera
314 1278 416 1349 sopor
434 1254 561 1322 misera
578 1254 739 1349 presagia
758 1254 877 1340 mittit,

57 1375 123 1443 Per
140 1386 191 1460 te,
209 1386 394 1462 maternos,
414 1374 503 1442 mitis
522 1375 707 1468 Dictynna,
726 1373 874 1458 labores,

59 1497 321 1586 Fratemumque
342 1492 457 1580 decus,
476 1495 574 1587 justis
590 1495 680 1565 hunc
700 1494 766 1590 fige
779 1494 908 1589 sagittis

58 1610 229 1682 Infelicem
252 1629 407 1683 uterum:
426 1616 641 1685 miseraesine
661 1615 777 1684 funera
797 1615 911 1684 matris

59 1734 181 1804 Audiat
201 1732 254 1803 ille
274 1737 375 1829 prior.
391 1766 408 1801 s
426 1739 537 1821 Dixit,
554 1736 698 1832 fletuque
715 1736 824 1806 soluto

58 1855 209 1950 Adspicit
225 1871 258 1925 et
277 1859 381 1925 niveae
401 1881 518 1925 saxum
538 1856 703 1926 maduisse
718 1859 843 1926 Dianae.

108 1974 204 2043 Illam
223 1977 311 2044 Diva
331 1974 423 2043 lerox
444 1978 626 2044 etiamnum
645 1977 680 2045 in
700 1975 814 2046 limine
833 2001 927 2045 sacro

60 2097 273 2190 Expositam,
291 2109 324 2163 ct
343 2094 468 2189 gelidas
485 2112 673 2165 verrentem
693 2098 841 2166 crinibus
858 2121 933 2166 aras

61 2217 217 2308 Linquit,
238 2219 322 2284 etin
344 2215 460 2285 mediis
481 2214 690 2286 frondentem
706 2215 873 2286 Maenalon
893 2217 990 2285 astris

60 2339 246 2429 Exsuperat
266 2361 400 2430 gressu,
417 2334 604 2429 saltumque
623 2337 664 2405 ad
683 2338 802 2406 moenia
822 2337 939 2407 Cadmi

61 2460 231 2544 Destinat,
250 2458 389 2524 interior
403 2455 476 2526 ooeli
494 2482 561 2551 qua
580 2460 696 2526 semita
714 2456 802 2527 lucet

60 2580 121 2648 Dis
141 2593 289 2665 tantum,
307 2592 340 2647 et
360 2592 497 2646 cunctas
512 2580 608 2668 ,juxta
629 2578 719 2646 videt
738 2578 843 2647 ardua
864 2594 979 2648 terras.

60 2703 199 2794 Jamque
213 2698 281 2767 lere
301 2696 447 2766 medium
465 2700 617 2766 Parnassi
637 2696 774 2767 frondea
794 2713 913 2790 praeter

62 2819 156 2892 Colla
177 2820 310 2889 tenebat
325 2820 403 2905 iter,
420 2841 525 2911 quum
542 2815 677 2885 Quem
695 2817 730 2884 in
751 2816 839 2884 nube
853 2839 990 2884 corusca

65 2940 211 3035 Adspicit
230 2937 321 3008 haud
337 2937 471 3008 solitum
493 2938 576 3005 visu.
599 2935 782 3005 Remeabat
796 2935 839 3003 ab
858 2935 958 3002 armis

62 3065 200 3132 Moestus
219 3059 408 3143 Echioniis,
427 3057 566 3127 demersi
586 3055 704 3124 funera
722 3054 838 3150 lugens

62 3184 217 3279 Auguris.
239 3179 390 3250 irrubuit
407 3177 479 3248 ooeli
498 3176 597 3273 plaga
616 3177 724 3246 sidere
741 3178 862 3263 mixto,

63 3307 279 3395 Occursuque
297 3324 391 3371 sacro
408 3300 532 3392 pariter
546 3299 647 3390 jubar
663 3297 743 3365 arsit
759 3297 944 3389 utrimque,

63 3427 104 3493 Et
125 3425 234 3493 coiere
253 3446 370 3507 arcus,
387 3435 420 3489 et
438 3416 639 3513 respondere
655 3418 829 3514 pharetrae.

112 3541 173 3610 Illo
190 3546 282 3637 prior
296 3571 304 3611 ε
316 3572 331 3606 a
345 3544 437 3628 Scio,
453 3534 672 3626 labdacidas,
690 3562 867 3634 germana,
885 3537 1057 3624 cohortes,

62 3670 106 3735 Et
125 3666 264 3732 nimium
283 3665 385 3734 fortes
400 3689 517 3734 ausum
535 3665 619 3759 petis
633 3663 763 3734 Arcada
782 3689 920 3759 pugnas.

64 3786 146 3856 Fida
162 3799 257 3878 rogat
276 3787 417 3878 genitrix
434 3787 584 3854 :utinam
603 3783 777 3879 indulgere
790 3785 939 3879 precanti

65 3912 146 3978 Fata
165 3901 299 3974 darent!
319 3929 360 3972 cn
382 3907 451 3999 ipse
471 3905 553 3990 mei,
572 3904 695 3998 pudet,
712 3906 826 3974 irritus
845 3929 937 3975 arma

65 4028 228 4116 Cultoris,
245 4024 446 4117 frondesque
463 4047 588 4112 sacras,
606 4023 648 4092 ad
667 4025 778 4094 inania
792 4023 861 4094 ridi

910 4166 963 4216 11.
