2812 5258
350 447 402 502 iss
697 445 727 497 r.
750 441 872 496 runnu
893 439 1014 494 srnrn
1261 439 1297 501 (v.
1313 448 1384 506 ης.)

349 572 411 638 Vix
428 569 555 661 requies
574 566 734 653 flammae,
755 563 912 636 necdum
930 589 1031 658 rogus
1046 560 1102 630 ille
1115 560 1253 631 deorum

346 690 492 776 Siderat,
512 690 626 757 excisis
643 711 746 780 quum
764 701 801 755 tu
818 683 935 754 solatia
948 681 1080 776 templis

345 812 504 904 Impiger,
522 825 554 879 et
571 808 713 878 multum
730 807 854 876 facibus
872 802 1016 874 velocior
1033 804 1130 896 ipsis,

346 932 499 1025 Concipis
516 956 573 999 ore
590 931 664 1024 pio,
677 929 871 1022 captivaque
885 924 1022 994 fulmina
1037 923 1147 993 defles.

344 1053 512 1120 Mirantur
528 1052 614 1121 Latii
628 1072 796 1144 proceres,
817 1045 971 1139 ultorque
985 1044 1123 1115 deorum

345 1174 469 1259 Caesar,
483 1185 516 1240 et
531 1197 549 1240 e
563 1170 672 1238 medio
685 1167 798 1236 divum
815 1181 908 1261 pater
928 1167 1046 1235 annuit
1060 1167 1140 1260 igni

344 1295 484 1385 Jamque
501 1305 533 1358 et
548 1289 625 1357 llere
643 1290 699 1382 pio
717 1289 884 1356 Vesuvina
904 1286 1056 1356 incendia
1070 1302 1171 1356 cantu

344 1414 440 1480 Mens
458 1425 545 1497 erat,
566 1425 599 1479 et
617 1410 772 1504 gemitum
789 1408 904 1501 patriis
923 1407 1112 1501 impendere
1129 1407 1274 1493 damnis;

346 1532 460 1618 Quum
475 1545 569 1624 pater
584 1543 773 1623 exemptum
791 1529 886 1597 terris
900 1527 942 1595 ad
958 1526 1066 1596 sidera
1082 1541 1231 1597 montem

347 1646 503 1735 Sustulit,
520 1663 552 1716 et
570 1647 636 1717 late
650 1651 784 1717 miseras
798 1649 917 1741 dejecit
934 1649 968 1715 in
985 1647 1091 1716 urbes

394 1772 451 1839 Me
470 1793 601 1862 quoque
619 1767 745 1837 vocales
765 1768 855 1839 lucos
874 1766 1078 1861 lustrataque
1096 1770 1220 1860 Tempe

344 1888 548 1975 Pulsantem,
565 1912 669 1980 quum
684 1889 785 1983 stirpe
798 1904 858 1956 tua
877 1887 1070 1957 descendere
1087 1886 1171 1975 dixi,

344 2008 511 2080 Admisere
530 2008 614 2095 deae;
632 2033 693 2077 nec
706 2010 793 2076 enim
811 2008 892 2077 mihi
908 2007 1015 2077 sidere
1031 2010 1115 2078 tanti

346 2130 553 2222 AEquoraque
571 2128 604 2196 et
622 2142 739 2215 terras,
757 2153 856 2221 quam
877 2153 936 2198 vos
954 2129 1074 2198 debere
1089 2132 1230 2224 parenti.

344 2252 396 2318 Tu
413 2247 512 2317 decus
526 2248 591 2317 hoc
610 2249 830 2342 quodcunque
847 2247 945 2342 lyrae,
959 2251 1152 2344 primusque
1169 2250 1292 2322 dedisti

344 2368 422 2436 Non
437 2365 571 2460 vulgare
590 2367 695 2462 loqui,
710 2384 742 2437 et
759 2368 877 2437 famam
896 2393 1027 2462 sperare
1044 2369 1205 2464 sepulcro.

344 2486 461 2576 Qualis
479 2511 566 2574 eras,
584 2488 695 2555 Latios
711 2488 838 2579 quoties
857 2512 918 2581 ego
934 2491 1079 2557 carmine
1091 2504 1199 2583 patres

343 2606 539 2693 Mulcerem,
556 2603 698 2698 felixque
715 2608 764 2675 tui
783 2622 948 2700 spectator
962 2607 1089 2678 adesses

342 2723 504 2797 Muneris!
522 2727 587 2796 heu
604 2724 692 2820 quali
709 2725 863 2795 confusus
882 2728 1002 2821 gaudia
1022 2728 1114 2816 fletu,

344 2851 431 2915 Vota
450 2848 587 2940 piosque
604 2860 711 2914 metus
724 2847 824 2933 inter,
842 2845 1018 2941 laetumque
1034 2848 1208 2943 pudorem!

344 2968 454 3054 Quam
473 2979 550 3033 tuns
567 2963 620 3032 ille
641 2960 723 3033 dies!
740 2990 839 3057 quam
856 2989 925 3035 non
943 2970 1025 3037 mihi
1043 2967 1148 3063 gloria
1166 2968 1296 3065 major!

342 3085 430 3156 Talis
443 3083 635 3178 Olympiaca
649 3084 804 3176 juvenem
822 3110 924 3178 quum
939 3102 1065 3181 spectat
1081 3113 1180 3159 arena

343 3206 411 3292 Qui
430 3207 563 3299 genuit,
583 3203 657 3298 plus
676 3205 744 3298 ipse
759 3203 849 3292 serit,
866 3203 939 3299 plus
957 3208 1055 3276 corde
1070 3212 1132 3280 snb
1146 3209 1215 3281 alto

343 3324 488 3395 Caeditur
506 3325 704 3394 :attendunt
725 3326 834 3411 cunei;
853 3340 1020 3419 spectatur
1039 3328 1178 3399 athletas

342 3443 401 3515 Ille
418 3444 536 3537 magis,
557 3445 673 3512 crebro
693 3443 772 3512 dum
789 3442 915 3515 lumina
935 3445 1078 3542 pulveris
1095 3449 1217 3520 haustu

343 3566 480 3648 Obruit,
499 3579 530 3632 et
552 3589 650 3657 pensa
669 3580 764 3635 vovet
782 3569 947 3663 exspirare
962 3592 1092 3639 corona.

342 3687 402 3754 Hei
421 3685 518 3771 mihi,
535 3682 625 3777 quod
641 3698 769 3754 tantum
785 3690 906 3781 patrias
925 3714 987 3783 ego
1003 3691 1125 3759 vertice
1139 3688 1278 3763 fiendas

341 3803 482 3897 Solaque
497 3801 693 3874 Chalcidicae
710 3805 858 3876 Cerealia
874 3806 962 3877 dona
979 3834 1109 3878 coronae

340 3930 387 3995 Te
402 3925 462 3993 suh
481 3939 561 3992 teste
578 3921 654 3993 tuli!
674 3925 804 4017 qualem
819 3942 852 3996 te
868 3927 1044 3998 Dardanus
1061 3927 1153 3999 Albas

339 4046 406 4113 Vix
422 4044 559 4138 cepisset
575 4068 670 4138 ager,
690 4045 717 4114 si
735 4069 794 4138 per
812 4070 865 4115 me
883 4063 970 4117 serta
985 4046 1114 4118 tulisses
