2812 5258
660 471 689 521 P.
712 466 835 520 PUBLII
856 463 976 517 STATll

405 595 468 663 Sed
487 595 580 662 Bruti
600 593 685 658 senis
705 589 931 670 oscitationes,

405 719 455 782 De
474 736 570 805 capsa
590 709 699 778 miseri
718 704 911 790 libellionis,

405 837 562 924 Emptum
582 827 656 922 plus
675 826 785 894 minus
805 847 874 893 asse
894 825 1037 906 Gaiano,

406 955 519 1019 Donas
535 973 543 1015 ε
562 971 663 1039 usque
680 945 806 1013 adeone
822 940 998 1009 defuerunt

405 1068 520 1137 Scissis
540 1065 624 1158 pilea
643 1078 716 1131 suta
735 1062 775 1129 de
795 1058 961 1129 lacernis?

406 1184 468 1255 Vel
488 1183 656 1268 mantilia,
676 1180 829 1250 luridaeve
849 1176 998 1271 mappa?

408 1306 557 1390 Chartae,
577 1301 805 1385 Thebaicaeve,
825 1295 1001 1367 caricaeve?

406 1424 577 1515 Nusquam
592 1419 723 1488 turbine
742 1416 895 1487 conditus
911 1416 1020 1483 ruenti

407 1545 595 1610 Prunorum
614 1536 750 1631 globus,
771 1551 870 1628 atque
890 1531 1128 1602 coctanorum?

408 1660 484 1728 Non
503 1655 665 1749 ellychnia
681 1657 784 1740 sicca,
802 1679 869 1722 non
888 1650 1031 1745 replictae

410 1774 591 1844 Bulborum
608 1774 745 1858 tunicae,
767 1796 828 1841 nec
848 1796 909 1840 ova
929 1769 1083 1839 tantum?

410 1897 487 1964 Non
508 1893 593 1961 leves
612 1890 723 1978 alicae,
745 1916 804 1960 nec
823 1914 976 1983 asperum
994 1888 1067 1959 far?

409 2014 581 2105 Nusquam
600 2011 772 2104 Cinyphiis
790 2024 908 2104 vagata
927 2011 1051 2102 campis

410 2132 596 2201 Curvarum
611 2130 729 2198 domus
748 2129 812 2198 uda
828 2126 1061 2198 cochlearum?

414 2251 491 2319 Non
512 2248 641 2317 lardum
661 2249 779 2335 breve,
801 2246 956 2317 debilisve
976 2245 1100 2339 perna?

413 2370 489 2438 Non
505 2369 688 2455 Lucanica,
710 2392 778 2435 non
797 2391 910 2459 graves
925 2364 1084 2454 Phalisci,

414 2486 490 2554 Non
510 2483 577 2571 sal,
594 2508 834 2578 oxygarumve,
855 2508 1027 2574 caseusve,

415 2607 482 2673 Aut
503 2627 602 2696 panes
619 2603 790 2672 viridantis
810 2604 1016 2697 aphronitri,

414 2720 475 2790 Vel
494 2746 627 2816 passum
644 2722 781 2816 psythiis
800 2724 869 2792 suis
888 2737 1074 2810 recoctum,

415 2839 514 2908 Dulci
530 2839 659 2908 defruta
675 2839 727 2908 vel
744 2838 851 2910 lutosa
866 2841 984 2910 coeno?

417 2958 590 3044 Quantum
609 2957 662 3026 vel
680 2958 758 3028 dare
777 2985 886 3029 cereos
902 2960 1045 3050 olentes,

417 3074 616 3164 Cultellum,
636 3091 789 3147 tenuesve
807 3078 997 3149 codicillos?

419 3191 566 3281 Ollares,
585 3220 686 3289 rogo,
706 3221 773 3264 non
789 3195 909 3266 licebat
926 3223 1024 3287 uvas,

422 3315 573 3380 Cumano
591 3315 719 3406 patinas
738 3313 790 3383 vel
812 3316 892 3385 orbe
911 3317 1033 3406 torlas,

420 3435 486 3498 Aut
506 3455 605 3498 unam
626 3432 704 3502 dare
724 3435 892 3527 synthesin
913 3436 1016 3531 (quid
1033 3438 1193 3535 horresl)

419 3548 578 3620 Alborum
597 3549 753 3641 calicum,
772 3567 870 3646 atque
886 3555 1122 3625 caccaborum?

468 3667 532 3736 Sed
548 3683 637 3736 certa
653 3667 745 3738 velut
760 3696 872 3765 aequus
891 3675 926 3741 in
945 3689 1084 3761 statera,

423 3783 479 3854 Nil
499 3800 625 3871 mutas,
644 3787 700 3855 sed
718 3788 907 3860 idem‘mihi
928 3793 1089 3886 rependis.

422 3902 537 3989 Quid?
556 3906 583 3971 si
603 3931 706 3998 quum
725 3909 809 3978 bene
828 3933 925 3979 mane
944 3910 1147 3983 semicrudus

423 4017 549 4089 Illatam
571 4024 632 4092 tibi
650 4024 764 4095 dixero
783 4026 941 4115 salutem,
