2812 5258
252 489 287 546 38
604 488 632 539 P.
653 484 773 539 PUBLII
793 483 912 537 S'l'b'l'll
1196 492 1277 543 (aaa.)

251 615 347 679 Astra
361 608 554 675 salutantem
574 607 725 674 dominus
745 605 805 672 sibi
822 617 933 671 mente
951 602 1084 688 dicavit,

250 726 493 820 Amplexusque
508 728 582 794 sinu
601 724 692 808 tulit,
712 739 743 792 et
761 724 909 817 genuisse
926 721 1062 814 putavit.

299 847 360 912 Fas
376 843 455 910 mihi
474 858 660 912 sanctorum
676 843 771 909 venia
789 841 907 908 dixisse
923 851 1117 932 parentum,

252 964 381 1054 Tuque,
398 985 473 1047 oro,
488 962 629 1045 Natura,
646 963 745 1046 sinas,
762 961 815 1059 cui
833 959 940 1051 prima
960 981 1019 1049 per
1034 956 1147 1024 orbem

251 1082 330 1146 lura
345 1080 462 1146 animis
478 1081 600 1146 sociare
618 1079 730 1147 datum
747 1104 755 1145 :
777 1102 843 1146 non
860 1077 971 1143 omnia
987 1076 1118 1168 sanguis

251 1198 435 1284 Proximus,
453 1211 509 1263 aut
524 1198 606 1264 serie
623 1198 750 1290 generis
767 1197 905 1263 demissa
922 1217 1068 1286 propago

252 1312 375 1407 Alligat
392 1340 399 1380 :
419 1316 555 1383 interius
575 1338 659 1382 nova
677 1339 773 1406 saepe,
791 1315 954 1405 ascitaque
969 1323 1105 1403 serpunt

251 1433 393 1525 Pignora
408 1434 571 1500 connexis.
588 1435 691 1501 Natos
708 1434 857 1525 genuisse
871 1454 999 1499 necesse
1015 1442 1079 1513 est,

251 1551 297 1616 At
313 1547 428 1641 legisse
441 1552 543 1641 juvat.
561 1553 688 1617 Tenero
704 1551 750 1617 sic
767 1548 906 1617 blandus
925 1544 1045 1616 Achilli

251 1665 387 1733 Semifer
402 1668 588 1734 AEmonium
606 1666 756 1734 vincebat
773 1665 869 1733 Pelea
885 1667 1021 1734 Chiron.

251 1783 320 1850 Nec
336 1785 464 1875 genitor
478 1782 593 1853 Peleus
609 1798 721 1851 natum
737 1784 910 1851 comitatus
926 1785 959 1848 in
978 1806 1068 1849 arma

250 1901 379 1985 Troica,
395 1900 452 1968 sed
469 1925 545 1969 caro
561 1901 696 1969 Phoenix
712 1900 854 1968 haerebat
871 1898 1015 1967 alumno.

251 2016 396 2108 Optabat
412 2016 508 2112 longe
525 2018 647 2087 reditus
664 2017 821 2088 Pallantis
836 2032 970 2087 ovantes

250 2134 412 2223 Evander,
428 2136 512 2204 fibus
529 2162 656 2231 pugnas
673 2138 840 2230 spectabat
857 2140 994 2206 dcoetes.

250 2253 429 2346 Quumque
444 2254 559 2348 procul
577 2256 689 2325 nitidis
708 2259 837 2350 genitor
854 2269 992 2327 cessaret
1006 2255 1049 2323 ab
1064 2242 1181 2342 asnis,-

249 2368 457 2465 Fluctivagus
471 2371 639 2441 volucrem
656 2375 805 2441 comebat
822 2379 937 2443 Persea
954 2376 1077 2466 Dictys.

296 2487 389 2576 Quid
406 2487 544 2555 referam
561 2487 712 2559 altricum
730 2492 832 2559 victos
849 2493 969 2584 pictate
985 2491 1154 2585 parentes?

249 2605 340 2696 Quid
359 2619 391 2674 te
408 2620 483 2698 post
499 2590 639 2693 cineres,
655 2607 855 2701 deceptaque
871 2608 1008 2678 fulmina
1025 2611 1152 2694 matris,

249 2726 364 2793 Tutius
380 2727 464 2793 Inoo
478 2739 661 2819 reptantem
678 2741 824 2819 pectore,
842 2726 986 2797 Bacche?
1055 2780 1057 2784 .

250 2847 320 2911 lam
337 2867 450 2912 secura
467 2867 586 2937 parens
601 2845 738 2914 lhuscis
753 2848 909 2939 regnabat
925 2847 959 2914 in
977 2844 1073 2915 undis

250 2960 324 3047 Ilia,
341 2975 527 3054 portantem
545 2961 684 3031 lassabat
700 2963 860 3034 Romulus
879 2968 1009 3034 Accam.

250 3078 328 3147 Vidi
343 3103 403 3173 ego
421 3093 599 3149 transertos
614 3079 721 3150 aliena
737 3084 771 3149 in
789 3083 908 3151 robora
923 3108 1045 3170 ramos,

251 3193 357 3266 Altius
373 3198 421 3267 ire
435 3199 512 3267 suis.
529 3202 572 3268 Et
590 3215 622 3269 te
634 3202 703 3294 jam
720 3201 841 3270 fecerat
857 3200 905 3269 illi

250 3318 359 3402 Mens,
376 3317 567 3412 animusque
585 3334 726 3414 patrem3
745 3320 885 3390 necdum
902 3345 1064 3409 moresve,
1081 3322 1248 3391 deeorve:

250 3437 300 3502 Tu
318 3447 427 3502 tamen
443 3448 476 3504 et
490 3449 595 3505 motas
610 3441 708 3507 etiam
726 3452 796 3507 tum
813 3441 847 3506 in
863 3464 1034 3509 murmura
1048 3464 1160 3527 voees,

250 3550 471 3646 vagitumque
487 3552 620 3640 rudem,
636 3554 796 3648 fletusque
811 3557 945 3627 infantis
960 3558 1099 3628 amabas.

251 3668 330 3758 tlte,
346 3668 437 3741 velut
451 3672 574 3764 primos
590 3674 810 3766 exspiraturus
826 3677 869 3745 ad
885 3680 1023 3747 Austros

250 3788 404 3859 Mollibus
421 3778 575 3884 in'pratis
589 3787 653 3859 alte
668 3791 727 3860 llos
745 3795 914 3889 improbus
930 3809 1048 3881 exstat3

251 3910 303 3978 Sic
319 3922 412 3978 tener
427 3922 503 3977 ante
518 3908 620 3996 hem,
637 3908 746 3999 vultu,
766 3938 943 4008 gressuque
958 3913 1113 4007 superbo,

250 4027 381 4096 Vicerat
396 4024 550 4119 aequalem
565 4026 770 4122 multumque
786 4030 963 4123 reliquerat
977 4056 1089 4101 annos.
