2812 5258
58 405 176 467 (matt.)
198 408 206 417 '
372 403 586 461 theatinos
608 405 718 461 LIBER
740 407 787 460 tv.
1072 422 1106 476 ¹9

59 532 265 617 Centauros,
283 527 456 622 solidoque
474 530 598 598 intorta
617 530 793 598 adamante
811 530 986 623 gigantum

60 649 220 737 Vincula,
240 665 273 718 et
294 664 466 744 angustam
486 653 617 719 centeni
638 653 802 744 AEgaeonis
820 648 995 719 umbram?
1011 678 1027 711 »

109 774 266 855 «Immo,
287 772 348 858 ait,
366 795 386 838 o
407 786 530 840 nostrae
547 773 695 865 regimen
714 771 866 862 viresque
884 782 1036 852 senectae,

62 893 114 959 Ne
130 889 267 985 vulgato
284 892 367 960 mihi
386 917 394 959 t
414 893 488 984 quis
508 893 598 960 enirn
617 889 794 960 remeabile
812 915 949 974 saxum,

64 1008 294 1104 Fallentesque
310 1009 418 1096 lacus,
436 1013 626 1105 Tityonque
647 1009 804 1079 alimenta
824 1008 1013 1090 volucrum,

67 1134 108 1201 Et
125 1131 323 1227 caligantem
342 1132 450 1228 longis
471 1135 589 1201 lxiona
610 1133 700 1227 gyris

68 1252 220 1322 Nesciat?
239 1254 308 1346 ipse
327 1254 450 1334 etiam,
469 1251 587 1321 melior
606 1277 711 1345 quum
730 1253 879 1346 sanguis,
897 1266 1028 1344 opertas

68 1373 200 1465 Inspexi
221 1372 329 1458 sedes,
349 1378 472 1441 Hecate
491 1371 650 1455 ducente,
668 1374 863 1467 priusquam

69 1492 192 1561 Obruit
209 1517 268 1560 ora
287 1496 394 1576 Deus,
414 1508 584 1587 totamque
603 1495 636 1561 in
656 1508 792 1587 pectora
811 1491 921 1561 lucem

69 1611 209 1682 Detulit.
233 1611 404 1708 Argolicas
423 1617 527 1709 magis
550 1615 615 1685 huc
635 1613 767 1709 appelle
787 1612 972 1708 precando,

70 1733 309 1828 Thebanasque
328 1737 457 1804 animas
478 1762 485 1803 :
503 1733 582 1805 alias
598 1750 747 1805 avertere
763 1759 895 1830 gressus

69 1858 171 1923 Lacte
189 1870 309 1949 quater
328 1880 481 1948 sparsas,
501 1871 685 1948 moestoque
702 1854 860 1925 excedere
881 1854 973 1938 luco,

70 1976 176 2057 Nata,
192 1974 291 2065 jube,
310 1989 390 2042 tunc
404 1975 480 2067 quis
499 1973 630 2062 vultus,
648 1975 862 2067 habitusque,
884 1977 958 2066 qnis
979 1973 1078 2040 ardor

71 2094 253 2189 Sanguinis
274 2094 392 2180 affusi,
412 2119 492 2189 gens
511 2110 586 2163 utra
603 2095 779 2191 superbior
795 2094 898 2179 adsit,

69 2216 136 2284 Dic
153 2213 312 2309 agedum,
332 2231 549 2308 nostramque
567 2241 665 2286 move
687 2242 746 2312 per
763 2213 894 2312 singula
911 2227 1050 2283 noctem.
1069 2244 1084 2276 n

120 2342 217 2407 Jussa
232 2338 328 2422 facit,
345 2362 547 2432 carmenque
564 2341 644 2408 serit
663 2364 732 2433 quo
755 2340 891 2434 dissipet
910 2342 1065 2429 umbras,

73 2462 151 2547 Quo
171 2474 265 2552 regat
282 2475 316 2527 et
336 2483 464 2551 sparsas
484 2485 491 2527 ε
510 2459 630 2553 qualis,
647 2463 675 2530 si
690 2463 829 2531 crimina
847 2461 977 2545 demas,

75 2579 222 2663 Colchis,
239 2595 273 2647 et
289 2582 378 2650 AEaeo
396 2580 584 2651 simulatrix
603 2579 701 2652 litore
720 2585 830 2655 Circe.

76 2702 169 2769 Tunc
187 2702 239 2769 his
255 2700 439 2771 sacrificum
460 2700 557 2772 dictis
574 2703 676 2771 allata
695 2719 868 2797 parentem
889 2730 897 2770 ε

124 2824 284 2891 «Primus
301 2824 484 2917 sanguineo
504 2821 672 2891 submittit
689 2824 809 2891 inertia
826 2823 973 2892 Cadmus

78 2946 146 3013 Ora
168 2943 256 3031 lacu,
274 2945 436 3038 juxtaque
455 2945 564 3012 virum
585 2944 762 3036 Cythereia
784 2942 910 3036 proles;

78 3066 193 3137 Ellluit
211 3066 386 3135 amborum
408 3067 561 3160 geminus
580 3065 622 3133 de
643 3066 766 3133 vertice
786 3089 921 3158 serpens
943 3090 952 3132 z

78 3187 267 3279 Terrigenae
284 3187 420 3255 comites
437 3183 528 3272 illos,
548 3210 627 3279 gens
644 3187 783 3267 Martia,
802 3186 952 3279 cingunt.

79 3308 139 3376 llis
158 3309 217 3374 aevi
235 3332 392 3375 mensura
410 3306 481 3375 dies
500 3332 507 3375 :
530 3332 647 3376 manus
667 3309 775 3375 omnis
795 3308 962 3394 inarmis,

79 3429 198 3497 Omnis
216 3443 248 3497 et
270 3430 304 3496 in
324 3428 471 3523 capulo:
496 3429 690 3522 prohibent,
713 3428 931 3522 obstantque,
953 3443 1124 3522 ruuntque

81 3550 276 3644 Spirantnm
295 3551 412 3619 rabie:
432 3574 494 3619 nec
509 3551 595 3619 tristi
615 3550 807 3619 incumbere
825 3550 918 3620 sulco

79 3672 188 3755 Cura,
206 3671 261 3737 sed
282 3671 449 3739 alternum
466 3686 627 3763 cuperent
642 3672 778 3741 haurire
797 3695 962 3740 cruorem.

79 3792 235 3859 Proxima
255 3807 407 3861 natarum
427 3817 544 3861 manus
561 3807 625 3880 est,
647 3793 783 3887 lletiquc
799 3808 946 3887 nepotes

81 3911 143 3978 Hic
164 3911 282 3980 orbam
303 3914 501 3993 Autonoen,
518 3928 550 3982 et
568 3912 723 3983 anhelam
742 3916 910 3983 cernimus
931 3917 992 3980 lno

80 4034 338 4125 Respectantem
355 4056 473 4119 arcus,
491 4049 525 4105 et
540 4036 584 4105 ad
604 4037 706 4105 ubera
723 4035 820 4105 dulce
837 4048 1043 4129 prementem

928 4187 933 4195 .
970 4174 1000 4214 2,
