2812 5258
98 451 131 504 tv·
147 436 216 506 ⁵0⁵)
377 443 594 500 THEBAIDOS
616 444 729 500 LIBER
749 444 827 498 v111.
1084 445 1136 500 133

100 571 172 636 Hoc
191 565 304 635 molita
325 565 436 635 nefas?
456 569 553 636 citius
572 593 624 636 me
644 567 783 636 fulmina
801 584 932 655 contra,
951 628 955 635 ,

98 685 292 775 Infandum,
312 712 422 773 ruere,
442 701 475 755 et
493 711 616 780 magno
635 686 756 756 bellare
776 692 904 781 parenti

97 806 265 901 Adspiciat
287 833 294 874 :
314 831 418 899 genus
437 807 515 876 huic
534 832 541 874 :
562 807 619 875 sed
638 809 735 875 mitto
753 831 947 900 agnoscere,
965 812 1099 902 quando

95 928 147 995 Tu
167 927 296 996 diversa
313 926 429 996 foves:
451 952 511 996 nec
531 929 558 995 si
578 929 686 1021 ipsum
706 927 1011 1021 cominus.Hyllum

94 1046 221 1140 Tydeos
241 1047 335 1116 hasta
355 1050 420 1136 tui,
441 1049 614 1141 stygioque
632 1073 672 1116 ex
690 1048 770 1117 orbe
789 1050 960 1117 remissum

97 1168 336 1263 Amphitryona
356 1183 447 1262 petat
467 1195 475 1235 ε
499 1183 610 1255 teneo,
627 1182 853 1261 aeternumque
873 1171 990 1238 tenebo

94 1288 268 1374 Quantum
287 1287 358 1357 haec
377 1287 453 1355 diva
474 1311 607 1376 manus,
627 1289 756 1381 quoties
775 1289 942 1359 sudaverit
958 1293 1035 1384 aegis

93 1408 160 1475 Ista
180 1406 279 1493 mihi,
299 1406 392 1475 duris
412 1405 554 1475 famulus
575 1431 679 1499 quum
696 1407 826 1476 casibus
845 1432 958 1482 omnes
1006 1443 1009 1449 ’

93 1530 217 1595 Lustro
237 1551 340 1619 vagus
359 1541 460 1595 terras
480 1554 488 1594 :
510 1529 581 1621 ipsa
602 1524 680 1596 heu!
701 1552 810 1596 comes
827 1530 916 1597 invia
934 1554 1062 1598 mecum

94 1650 249 1734 Tartara,
270 1648 304 1714 ni
325 1649 469 1741 Superos
488 1647 642 1716 Acheron
661 1646 863 1735 excluderet,
884 1650 972 1717 isses.

93 1771 145 1836 Tu
165 1782 307 1862 patrem,
325 1767 511 1861 coelumque
527 1768 611 1835 mihi
631 1793 639 1834 :
660 1769 734 1859 quis
756 1783 846 1837 tanta
868 1767 972 1837 relatu

93 1888 231 1980 AEquet?
251 1887 337 1955 habe
356 1901 459 1973 totas,
477 1888 504 1953 si
524 1911 616 1954 mens
635 1887 839 1974 exscindere,
858 1887 999 1956 Thebas.

97 2008 187 2076 Cedo
203 2007 372 2102 equidem,
389 2009 585 2100 veniamque
604 2010 830 2101 precoro-Sic
850 2033 943 2076 orsus
962 2010 1084 2077 abibat.

95 2126 229 2196 Pallada
248 2127 370 2197 mulcet
389 2128 496 2195 honos
516 2153 523 2193 :
545 2127 643 2196 rediit
662 2127 781 2196 ardore
799 2129 934 2196 remisso

93 2244 232 2333 Vultus,
253 2262 286 2315 et
304 2249 403 2316 erecti
420 2247 576 2315 sederunt
595 2249 737 2341 pectoris
757 2271 892 2339 angues.
992 2258 995 2265 '

140 2369 248 2434 Sentit
266 2368 372 2435 abisse
390 2371 496 2435 Deum
519 2392 526 2433 :
547 2365 651 2434 levius
671 2367 1002 2436 Cadmeiusuaemon
1043 2406 1044 2411 κ

92 2485 171 2555 Tela
190 2500 292 2573 rotat,
313 2485 471 2578 nulloque
489 2510 625 2554 manum
644 2489 869 2579 cognoscit-in
889 2489 970 2557 ictu.

92 2612 187 2678 Tunc
207 2611 310 2703 magis
329 2625 428 2701 atque
446 2611 550 2702 magis
570 2612 655 2678 vires
675 2613 871 2703 animusque
891 2611 1066 2698 recedunt,

92 2734 162 2801 Nec
181 2730 290 2823 pudor
306 2732 354 2798 ire
373 2744 462 2797 retro
483 2755 491 2796 :
513 2728 681 2797 cedentem
701 2727 869 2797 acheloius
888 2728 986 2797 heros

91 2853 240 2945 Impetit,
260 2865 294 2919 et
312 2849 436 2919 librans
456 2851 514 2918 uni
532 2849 594 2916 sibi
614 2847 735 2916 missile
755 2825 875 2933 telum,

92 2972 223 3040 Direxit
237 2971 359 3062 jactus,
381 2994 516 3039 summae
534 2994 601 3063 qua
619 2971 768 3060 margine
787 2992 910 3061 parmae

93 3098 163 3163 lma
180 3093 270 3163 sedet
288 3093 395 3185 galea,
415 3107 448 3161 et
465 3089 573 3185 juguli
594 3089 706 3158 vitalia
725 3089 847 3158 lucent.

94 3217 165 3286 Nec
181 3215 336 3283 frustrata
353 3237 486 3301 manus,
505 3226 710 3303 mortemque
731 3212 901 3279 invenerat
921 3210 1035 3297 hastu3

93 3335 156 3405 Sed
176 3336 345 3430 prohibet,
367 3332 581 3427 paullumque
600 3332 728 3399 humeri
749 3330 852 3398 libare
871 3332 995 3398 sinistri

92 3458 252 3543 Praebuit,
272 3471 305 3526 et
323 3456 441 3524 merito
460 3454 566 3548 parcit
583 3454 734 3521 Tritonia
753 3451 859 3519 fratri.

92 3574 153 3644 Ille
169 3591 276 3645 tamen
297 3602 357 3645 nec
374 3590 461 3644 stare
478 3573 566 3660 loco,
585 3598 646 3641 nec
665 3574 816 3641 cominus
837 3574 884 3640 ire

93 3694 259 3788 Amplius,
278 3710 336 3764 aut
353 3694 463 3764 vultus
482 3694 581 3763 audet
598 3693 743 3787 perferre
761 3695 890 3760 cruenti

93 3816 223 3908 Tydeos
242 3841 249 3881 :
270 3839 356 3908 aegra
375 3818 485 3883 animo
504 3816 569 3899 vis,
590 3839 628 3882 ac
647 3813 768 3883 fiducia
786 3815 893 3881 cessit.

141 3936 260 4028 Qualis
279 3939 450 4029 setigerum
467 3934 584 4005 lucana
603 3935 738 4030 cuspide
757 3934 899 4002 frontem

94 4059 233 4127 Strictus
252 4083 343 4152 aper,
360 4058 491 4151 penitus
507 4058 561 4125 cui
578 4081 645 4123 non
665 4054 786 4122 infossa
805 4051 940 4120 cerebro
