2812 5258
82 451 193 514 (tna.)
385 453 596 511 rannamos
618 457 727 511 unna
747 457 797 512 111.
1054 459 1108 532 2³7

81 577 198 642 Intuor
220 601 228 643 ε
248 575 376 645 Inachii
396 591 473 644 sunt
490 576 525 644 bi
545 578 623 664 tibi,
643 581 797 673 concipe,
816 603 919 674 reges.

81 699 232 764 Invasere
251 695 386 789 globum
403 697 489 764 nivei
510 699 636 791 gregis,
659 723 810 790 uncaque
830 699 981 792 pandunt

81 813 231 885 Caedibus
247 840 305 882 ora
322 817 436 902 novis,
456 829 488 882 et
504 818 626 884 strictis
644 818 811 911 unguibus
828 819 963 886 instant.

71 997 74 1028 ζ
128 935 274 1002 «Cernis
292 936 461 1027 inexperto
478 951 626 1003 rorantes
643 939 801 1030 sanguine
816 952 947 1024 ventos,

70 1032 123 1122 'Et
143 1052 262 1147 plumis
282 1054 404 1123 stillare
424 1053 534 1123 diem?
551 1080 650 1148 quam
669 1081 751 1124 saeva
767 1072 901 1150 repente

79 1176 230 1242 Victores
248 1175 351 1268 agitat
368 1173 433 1243 leto
453 1176 542 1243 Jovis
561 1177 609 1242 ira
630 1173 769 1244 sinistri!

80 1295 142 1360 Hic
161 1291 288 1362 excelsa
305 1308 420 1386 petens
438 1295 547 1362 subita
565 1294 632 1363 face
651 1291 736 1363 Solis
755 1297 889 1381 inarsit,

83 1413 304 1505 submisitque
321 1415 446 1482 animos
465 1413 580 1481 :illum
599 1417 734 1508 vestigia
755 1414 909 1483 adortum

80 1533 245 1625 Majorum
262 1531 433 1602 volucrum
453 1549 572 1602 tenerae
591 1533 754 1627 deponitis
773 1534 841 1603 alae‘.

80 1652 141 1719 Hic
160 1650 246 1720 hosti
261 1652 437 1748 implicitus
456 1656 580 1747 pariter
597 1656 685 1742 ruit,
702 1656 792 1723 hunc
811 1655 888 1749 fuga
907 1671 997 1724 retro

79 1770 192 1839 Volvit
212 1796 311 1865 agens
328 1774 422 1840 sociae
440 1770 642 1864 linquentem
661 1774 727 1842 fata
747 1790 893 1843 catervae.
1027 1758 1036 1809 l

81 1892 142 1957 Hic
159 1890 272 1958 nimbo
289 1889 488 1982 glomeratus
505 1891 576 1957 obit
591 1916 599 1958 ε
614 1892 669 1959 hic
686 1907 827 1985 praepete
844 1895 918 1962 viva

80 2010 230 2077 Pascitur
247 2010 436 2076 immoriens
453 2033 461 2076 :
481 2011 606 2101 spargit
623 2033 701 2076 cava
722 2009 835 2078 nubila
853 2012 995 2105 sanguis.

68 2128 147 2215 lQui
166 2127 279 2195 furtim
299 2125 476 2219 lacrymas?
492 2126 604 2213 illum,
623 2127 807 2196 venerande
826 2129 1016 2223 Melampu,

79 2249 148 2336 Qui
167 2245 268 2333 cadit,
288 2270 440 2340 agnosco.
454 2274 470 2308 s
484 2246 643 2340 Trepidos
661 2248 708 2314 sic
729 2244 813 2314 mole
834 2247 952 2333 futuri,

79 2370 271 2458 Cunctaque
285 2366 354 2459 jam
375 2390 487 2433 rerum
508 2360 598 2433 oerta
617 2366 678 2433 sub
698 2367 840 2459 imagine
857 2392 984 2460 passos,

78 2489 198 2554 Terror
215 2486 314 2554 habet
334 2500 449 2553 vates:
470 2486 559 2579 piget
578 2486 735 2578 irrupisse
751 2485 921 2554 volantum

79 2603 242 2691 Concilia‚
260 2619 293 2674 et
314 2604 396 2674 coelo
415 2620 557 2673 mentem
578 2606 749 2673 insertasse
768 2608 901 2673 vetanti.

78 2726 254 2819 Auditique
273 2725 373 2794 odere
391 2730 503 2795 Deos:
522 2726 609 2794 unde
628 2728 688 2794 iste
703 2750 761 2818 per
776 2725 890 2792 orbem

79 2846 207 2912 Primus
226 2846 356 2913 venturi
378 2847 504 2914 miseris
523 2845 746 2912 animantibus
765 2867 850 2936 aeger

80 2965 190 3031 Crevit
208 2963 320 3033 amor?
339 2965 506 3034 Divumne
524 2963 608 3032 feras
626 2964 689 3031 hoc
709 2988 844 3050 munus3
864 2987 905 3030 an
924 2965 986 3058 ipsi

79 3081 169 3147 Gens
186 3082 296 3173 avida,
314 3099 346 3152 et
364 3099 461 3177 parto
483 3108 550 3151 non
570 3064 823 3175 unquam‘stare
843 3082 967 3174 quieti?

79 3201 233 3269 Eruimus
249 3228 321 3295 quae
339 3207 446 3297 prima
464 3202 551 3290 dies,
571 3203 626 3270 ubi
646 3204 804 3270 terminus
822 3203 898 3288 aevi,

78 3318 168 3405 Quid
187 3321 292 3388 bonus
310 3321 363 3391 ille
380 3328 487 3392 Deum
509 3325 650 3416 genitor,
668 3319 747 3413 quid
767 3321 873 3389 ferrea
889 3317 1010 3389 Clotho

78 3441 207 3532 Cogitet
227 3464 234 3505 ε
253 3440 331 3507 hinc
350 3441 456 3527 fibrae,
472 3457 506 3510 et
523 3439 692 3509 volucrum
710 3466 769 3534 per
786 3439 898 3508 nubila
915 3465 1020 3508 sermo

79 3563 318 3650 Astrorumque
339 3560 438 3644 vices,
455 3576 691 3653 numerataque
711 3562 824 3628 semita
842 3564 960 3646 Lunae,

78 3677 366 3769 Thessalicumque
380 3677 478 3745 nefas.
497 3683 541 3749 At
558 3706 623 3748 non
644 3681 735 3773 prior
751 3704 871 3748 aureus
890 3677 945 3746 ille

78 3797 216 3889 Sanguis
234 3822 348 3882 avum,
367 3794 571 3890 scopulisque
590 3815 667 3868 sata>
684 3799 736 3867 vel
757 3800 875 3867 robore
893 3813 1005 3891 gentes

77 3916 245 3986 Mentibus
265 3916 327 3983 hoc
342 3940 450 3984 ausae:
470 3913 565 3986 silvas
583 3944 677 3987 amor
692 3943 792 4004 unus,
809 3919 1013 4010 humumque

78 4036 271 4106 Edomuisse
289 4060 389 4104 manu
409 4062 417 4104 :
438 4034 520 4128 quid
533 4041 674 4108 crastina
693 4036 840 4105 volveret
855 4050 933 4104 aetas
