2774 5256
330 404 383 461 126
475 475 478 481 1
623 397 835 455 mutuos
855 395 964 453 LIBER
984 394 1066 450 Vnt
1270 391 1308 458 (v.
1320 396 1386 461 ¹9⁵l

326 526 558 618 Convenitque
574 524 668 609 Deis,
687 522 785 591 hilari
804 547 864 616 per
881 535 990 590 castra
1007 516 1155 588 tumultu

325 644 427 717 Vadit
445 669 548 713 ovans
569 668 577 711 :
596 667 652 733 ac,
674 642 780 738 prima
801 644 852 711 sui
872 641 1089 726 documenta,
1110 636 1278 708 sacerdos

325 765 493 835 Tellurem
510 762 640 858 placare
656 779 752 858 parat
769 789 777 831 :
796 787 856 831 nec
871 760 966 830 futile
982 759 1106 829 moestia

325 887 365 955 Id
381 888 487 955 visum
503 887 630 956 Danais
648 911 656 955 :
675 888 822 980 geminas
838 907 918 979 ergo
934 881 1026 952 ilicet
1040 905 1121 951 aras·

326 1006 512 1076 Arboribus
529 1007 631 1093 viris,
652 1021 686 1074 et
703 1003 818 1075 adulto
838 1006 962 1099 cespite
980 1004 1046 1072 texi

326 1130 491 1221 Imperat,
514 1128 772 1225 innumerosque
792 1130 873 1196 Dee
894 1148 950 1195 sua
972 1145 1113 1193 munera
1132 1121 1258 1210 liores,

325 1252 370 1316 Et
384 1244 535 1316 cumulos
553 1246 703 1341 frugum,
719 1260 754 1315 et
770 1245 933 1340 quidquid
950 1258 1051 1313 norat
1069 1245 1203 1338 integer
1220 1267 1337 1315 annus

325 1366 445 1452 Addit,
465 1381 497 1437 et
517 1367 643 1437 intacto
663 1390 820 1461 spargens
841 1364 958 1434 altaria
979 1362 1063 1432 lacte

327 1487 449 1581 Incipit
468 1513 476 1554 :
496 1489 555 1557 «Ο
573 1486 746 1556 hominum
762 1487 955 1578 Divumque
972 1498 1094 1552 aeterm
1111 1487 1283 1574 creatrix,

327 1607 411 1693 Quae
428 1605 562 1699 fluvios,
580 1602 759 1698 silvasque,
777 1606 965 1673 animarum
983 1618 1017 1673 et
1034 1604 1162 1672 semina
1179 1606 1306 1676 mundi

327 1728 474 1808 Cuncta,
494 1724 774 1819 Prometheasque
795 1748 935 1810 manus,
953 1726 1176 1819 Pyrrhaeaque
1198 1747 1283 1796 saxa

329 1846 468 1939 Gignis3
488 1858 521 1913 et
542 1845 690 1939 impastis
709 1869 783 1938 quae
803 1845 914 1938 prima
932 1842 1091 1913 alimenta
1109 1841 1258 1935 dedisti,

328 1966 532 2059 Mutastique
549 1965 651 2050 vices3
671 1988 744 2058 qua
762 1979 905 2059 pontum
923 1964 1110 2058 ambisque,
1131 1964 1317 2059 rabieque,

329 2090 376 2156 Te
393 2112 492 2181 penes
510 2101 543 2156 et
559 2087 725 2182 pecudum
743 2110 822 2181 gens
839 2086 947 2173 mitis,
966 2099 1001 2154 et
1015 2085 1065 2155 ira
1083 2084 1254 2173 fetarum,

330 2211 374 2276 Et
394 2206 733 2300 volucrum-requies,
752 2205 885 2275 firmum
900 2220 1000 2300 atque
1015 2203 1189 2276 immobile
1207 2207 1330 2277 mundi

331 2328 448 2395 Robur
465 2324 645 2395 inoccidui!
668 2343 700 2395 te
719 2325 812 2395 velox
832 2326 984 2396 machina
1004 2325 1077 2397 coeli

238 2516 246 2529 ,
335 2449 419 2515 Aere
434 2444 633 2537 pendentem
650 2470 774 2533 vacuo,
794 2462 827 2516 te
845 2471 965 2516 currus
982 2459 1127 2542 uterque

337 2561 461 2634 Circuit
490 2591 498 2635 :
525 2592 546 2637 o
571 2589 682 2635 rerum
708 2564 833 2652 media,
852 2567 1060 2661 indivisaque
1077 2569 1210 2662 magnis

331 2681 516 2754 Fratribus!
540 2709 620 2780 ergo
640 2683 738 2756 simul
758 2701 807 2755 tot
826 2690 979 2782 gentibus
1000 2686 1105 2773 alma,
1127 2701 1180 2757 tot
1199 2686 1279 2759 altis

331 2804 498 2893 Urbibus,
519 2829 557 2874 ac
578 2792 728 2900 populis,
748 2808 927 2902 subterque
946 2832 984 2877 ac
1001 2807 1143 2901 desuper
1163 2831 1234 2877 una

331 2923 474 3009 Sufficis3
488 2924 741 3019 astriferumque
757 2926 874 2997 domos
887 2925 1023 2999 Atlanta
1038 2950 1201 3020 supernas

331 3046 431 3111 Ferre
448 3042 672 3130 laborantem,
690 3045 784 3114 nullo
802 3049 893 3117 vehis
909 3049 980 3141 ipsa
997 3046 1128 3135 labore,

333 3165 400 3231 Nos
420 3178 548 3233 tantum
567 3181 701 3258 portare
719 3168 842 3262 negas?
859 3193 937 3254 nos,
956 3165 1252 3261 Diva,graua1is?

331 3284 449 3371 Quod,
472 3309 605 3378 precor,
627 3287 734 3379 ignari
755 3286 877 3359 luimus
897 3288 1027 3359 scelus?
1047 3313 1090 3357 au
1110 3288 1190 3382 quia
1210 3285 1326 3382 plebes

331 3405 476 3470 Externa
497 3404 642 3471 Inachiis
661 3405 728 3474 huc
746 3406 962 3479 adventamus
978 3410 1021 3479 ab
1038 3408 1129 3479 oris?

332 3523 442 3588 Omne
458 3521 585 3590 homini
605 3523 714 3594 natale
733 3525 841 3596 solum
860 3555 868 3596 :
887 3554 949 3598 nec
967 3545 1019 3616 te,
1036 3530 1181 3624 optima,
1199 3552 1293 3599 saevo

331 3643 504 3732 Tanquam
520 3641 661 3713 humiles
676 3645 819 3741 populos
837 3648 954 3719 deceat
969 3648 1173 3744 distinguere
1191 3647 1278 3738 line,

332 3758 488 3853 Undique
505 3760 629 3855 ubique
646 3780 723 3836 tuos
742 3792 751 3836 :
773 3793 907 3838 maneas
926 3770 1129 3857 communis,
1146 3783 1181 3839 et
1199 3792 1295 3856 mma
1322 3846 1328 3855 ,

330 3879 417 3947 Hinc
434 3895 534 3973 atque
552 3883 631 3952 inde
646 3885 731 3959 feras
748 3912 757 3956 τ
776 3886 892 3975 liceat,
909 3914 1046 3984 precor,
1065 3889 1184 3960 ordine
1198 3887 1279 3960 belli

331 3999 499 4092 Pugnaces
516 4001 629 4072 elllare
646 4007 787 4092 animas,
806 4022 840 4076 et
854 4009 992 4079 reddere
1007 4008 1102 4079 coelo.
