2812 5258
287 470 290 475 ·
333 466 387 534 254
695 462 991 519 inrorartones·

334 583 445 638 versari
451 581 584 636 dicuntur
592 590 679 647 recte,
687 590 715 634 et
723 597 772 633 eos
786 579 863 632 turbo
870 591 973 632 versat.
983 578 1142 633 »Eundem
1154 595 1265 637 mmm
1279 584 1367 639 Gra-

333 674 372 729 cis
385 674 468 729 fuisse
480 672 583 747 probat
596 670 744 726 Menandri
757 672 821 725 loco
831 669 1019 747 (eprhesio,
1031 688 1061 743 p.
1075 670 1124 743 69,
1137 670 1183 727 etl
1196 672 1343 755 Meinek.)
1356 695 1364 729 ε

454 846 508 926 Ἐγὼ
523 857 564 924 pis
579 850 628 912 ἤθη
645 873 685 923 μοι
699 848 765 904 δοκῶ
776 892 783 916 ,
795 855 824 910 νὴ
837 852 890 913 τοὺς
903 846 987 918 θεοὺς,

456 936 486 998 Es
501 949 550 1006 τοῖς
563 949 664 1005 utnon
678 946 779 1015 lpum-‘es
795 940 947 998 invisitatam

457 1028 521 1107 ὁρᾴν
536 1040 613 1106 κύκλῳ
627 1039 743 1107 epipam
756 1036 798 1089 καὶ
811 1038 969 1106 πωλούμενον.

336 1221 377 1277 Cl'.
392 1222 485 1275 locum
498 1218 632 1273 Martialis
645 1236 729 1291 supra
743 1216 923 1288 adscriptum

374 1328 469 1397 Dictys
481 1324 516 1397 (v.
533 1321 595 1400 95).
611 1323 663 1377 llic
676 1322 798 1394 piscator
814 1320 957 1393 Seriphius
970 1320 1078 1376 retibus
1091 1321 1166 1394 cepit
1179 1340 1290 1393 arem,
1309 1344 1365 1399 qna

335 1422 442 1472 clausos
450 1419 565 1470 Danaen
576 1424 603 1468 et
616 1417 746 1468 Perseum
758 1411 846 1468 filium
853 1412 977 1467 Acrisius
986 1411 1015 1466 in
1029 1430 1105 1467 mare
1117 1413 1296 1485 projecerat,
1311 1416 1367 1472 do-

335 1527 467 1581 mumque
481 1507 609 1561 retulitet
619 1505 749 1561 educavit
758 1508 897 1559 Perseum.
910 1506 977 1577 Seq.
991 1522 1076 1560 versu
1083 1506 1202 1560 vicos...
1207 1520 1349 1579 parentes
1354 1548 1365 1575 ,

335 1600 370 1654 de
383 1600 534 1667 matribus;
547 1617 574 1652 v.
588 1600 705 1651 lllannt„

377 1708 442 1777 lpse
453 1714 538 1776 pater
551 1721 664 1767 seusus,
683 1705 739 1774 ipsi
755 1715 887 1774 stupuere
900 1703 1028 1773 ttmgt'stn'
1038 1698 1077 1779 (v.
1095 1698 1170 1775 119).
1192 1726 1206 1751 ι
1221 1704 1245 1757 l.
1259 1722 1284 1757 e.
1298 1722 1367 1758 sert·

335 1816 396 1861 sus,
411 1815 484 1869 quos
498 1794 543 1852 ille
557 1795 712 1867 imponeret
731 1794 857 1851 versibus
871 1796 1064 1852 modulatione
1077 1794 1155 1851 vocis
1176 1816 1183 1851 ε
1203 1815 1239 1852 ex
1259 1798 1365 1872 quibus

335 1887 465 1961 cognosci
478 1896 601 1959 poterat,
617 1905 701 1959 quam
718 1887 791 1941 bene
805 1887 858 1959 ipsi
871 1898 962 1959 poetae
981 1906 997 1942 a
1014 1886 1150 1943 recitante
1167 1886 1363 1963 intelligeren-

336 1989 389 2033 tur.
402 2004 413 2026 »
428 1981 557 2033 Gronov.
568 2020 576 2047 ,
588 1978 680 2031 Diatr.
687 2019 696 2044 ‚
709 1997 737 2050 p.
754 1979 824 2051 395,
839 1978 888 2033 ubi
901 1981 985 2052 plura
997 1979 1033 2034 tle
1049 1979 1102 2035 hae
1114 1979 1254 2035 ree-Ad
1265 1998 1294 2035 v.
1311 1998 1362 2035 aaa

335 2089 377 2143 sq.
391 2070 460 2125 nihil
474 2071 650 2143 interpretes,
664 2070 713 2125 sed
727 2070 835 2140 insunt,
849 2071 878 2125 in
891 2071 996 2144 quibus
1009 2070 1217 2127 offendendum
1231 2084 1302 2129 erat

374 2176 411 2228 Et
428 2186 550 2248 angusta
569 2172 605 2251 (v.
625 2175 678 2229 130
693 2173 755 2250 sq.).
771 2177 863 2230 Verba
885 2176 924 2231 sic
937 2179 1008 2231 lecta
1027 2174 1145 2249 intelligi
1163 2194 1224 2231 non
1236 2190 1362 2250 possunt.

336 2265 520 2321 Tolerabilem
530 2282 585 2339 ope
598 2277 664 2321 vett.
679 2267 743 2322 edu
758 2286 868 2322 sensum
883 2268 1003 2323 excussit
1015 2266 1201 2323 Marktmuns
1213 2268 1363 2327 iuddcia-

336 2357 378 2409 dir
391 2354 499 2429 fingens
512 2376 519 2411 :

442 2565 533 2579 .....
548 2532 576 2577 Et
588 2537 695 2593 angtutot
709 2539 771 2579 artus
779 2534 868 2596 jactare
880 2534 972 2583 lacem

440 2611 537 2661 Enormi
550 2628 598 2661 uou
611 2611 651 2660 ille
664 2611 750 2662 amens.

337 2801 352 2828 α
367 2778 542 2851 lmponendo
562 2780 637 2833 laxas
651 2789 679 2833 et
696 2797 823 2834 enormes
841 2791 929 2835 vestes
943 2782 1067 2857 angustis
1079 2782 1210 2855 munus,
1222 2782 1317 2839 tame
1330 2796 1363 2840 ut

337 2880 413 2925 artus
430 2869 550 2940 majores
572 2881 725 2944 appareant
746 2889 831 2944 quam
852 2890 949 2928 revera
966 2884 1048 2943 sunt3
1071 2884 1100 2929 et
1126 2874 1183 2931 hoe
1208 2876 1367 2949 opponitur

336 2959 505 3032 praecedenti
520 2980 527 3014 :

441 3173 519 3189 .....
526 3137 640 3187 Brotibus
652 3138 812 3202 constringere
820 3138 886 3189 tent·

441 3224 544 3271 Pectora.

338 3384 477 3438 Neutrum
488 3386 590 3439 horum
603 3385 669 3440 fecit
681 3386 795 3455 Melior,
808 3388 859 3442 sed
871 3390 1024 3461 semperad
1034 3408 1126 3446 annos
1133 3404 1213 3447 tetta
1226 3394 1347 3471 legebat.
1354 3422 1366 3445 ι

378 3476 489 3530 Milvius
503 3495 592 3549 agger
603 3474 640 3552 (v.
653 3476 730 3553 176).
745 3481 819 3534 Pons
832 3480 945 3536 Milvius
953 3482 1010 3537 sive
1022 3483 1119 3555 potius
1133 3484 1259 3541 Mutuus
1270 3484 1365 3565 (codd.

337 3567 452 3641 quidam
468 3566 652 3639 antiquissimi
666 3570 748 3624 ctiam
768 3570 912 3649 Molvius),
934 3575 970 3629 ab
990 3575 1102 3630 AEmilio
1119 3576 1232 3633 Scauro
1252 3596 1367 3637 ceum

337 3658 438 3727 sactus,
457 3657 493 3712 ab
508 3662 634 3732 Augusto
652 3660 789 3732 refectus,
808 3665 845 3719 ad
863 3667 1017 3721 secundum
1030 3667 1066 3722 ab
1085 3667 1164 3723 Urbe
1182 3669 1327 3743 lapidat,
1338 3672 1366 3727 in

337 3750 383 3805 viu
395 3750 542 3818 Flaminia,
555 3760 621 3804 octo
636 3750 798 3809 fornicibus.

380 3854 511 3909 Gmminc
537 3856 635 3908 Lemoe
653 3851 692 3930 (v.
715 3857 792 3935 181).
814 3861 927 3916 Dictum
947 3862 1076 3935 oportuit
1092 3864 1234 3933 Nemeoe,
1255 3878 1291 3923 nt
1310 3866 1367 3942 ipse

338 3946 439 4023 passim
447 3945 476 3999 in
486 3947 639 4013 Τήεὸαιὶίες
652 3948 701 4003 sed
710 3949 739 4003 in
751 3970 784 4005 ea
797 3954 925 4008 locorum
936 3952 1150 4027 pmpinquitate
1158 3954 1290 4015 hoenon
1297 3958 1365 4015 mu

339 4052 412 4107 erat,
426 4043 524 4115 quanti
538 4041 603 4097 lacit
615 4043 714 4098 Markl.
