<?xml version="1.0" encoding="UTF-8"?>
<!DOCTYPE html PUBLIC "-//W3C//DTD XHTML 1.0 Transitional//EN"
    "http://www.w3.org/TR/xhtml1/DTD/xhtml1-transitional.dtd">
<html xmlns="http://www.w3.org/1999/xhtml" xml:lang="en" lang="en">
 <head>
  <title>
</title>
<meta http-equiv="Content-Type" content="text/html;charset=utf-8" />
  <meta name='ocr-system' content='tesseract 3.04.00' />
  <meta name='ocr-capabilities' content='ocr_page ocr_carea ocr_par ocr_line ocrx_word'/>
</head>
<body>
  <div class='ocr_page' id='page_1' title='image "./publiipapiniist01statgoog_0308.png"; bbox 0 0 2812 5258; ppageno 0'>
   <div class='ocr_carea' id='block_1_1' title="bbox 194 385 1227 449">
    <p class='ocr_par' dir='ltr' id='par_1_1' title="bbox 194 385 1227 449">
     <span class='ocr_line' id='line_1_1' title="bbox 194 385 1227 449; baseline -0.002 -4"><span class='ocrx_word' id='word_1_1' title='bbox 194 409 228 446; x_wconf 72' lang='grc' dir='ltr'><strong>ια</strong></span> <span class='ocrx_word' id='word_1_2' title='bbox 494 393 712 449; x_wconf 77' lang='lat' dir='ltr'><strong>Tuaaamos</strong></span> <span class='ocrx_word' id='word_1_3' title='bbox 736 392 844 448; x_wconf 80' lang='lat' dir='ltr'><strong>LIBER</strong></span> <span class='ocrx_word' id='word_1_4' title='bbox 865 392 917 446; x_wconf 83' lang='lat' dir='ltr'><strong>lv.</strong></span> <span class='ocrx_word' id='word_1_5' title='bbox 1114 388 1146 444; x_wconf 75' lang='lat' dir='ltr'><strong>(s.</strong></span> <span class='ocrx_word' id='word_1_6' title='bbox 1159 385 1227 443; x_wconf 55' lang='grc' dir='ltr'><strong>Μ)</strong></span> 
     </span>
    </p>
   </div>
   <div class='ocr_carea' id='block_1_2' title="bbox 104 514 1200 3975">
    <p class='ocr_par' dir='ltr' id='par_1_2' title="bbox 104 514 1200 3975">
     <span class='ocr_line' id='line_1_2' title="bbox 189 514 1078 609; baseline -0.006 -28"><span class='ocrx_word' id='word_1_7' title='bbox 189 514 318 607; x_wconf 84' lang='lat' dir='ltr'><strong>Poplite</strong></span> <span class='ocrx_word' id='word_1_8' title='bbox 339 514 496 583; x_wconf 90' lang='lat' dir='ltr'><strong>succiduo</strong></span> <span class='ocrx_word' id='word_1_9' title='bbox 518 517 710 608; x_wconf 89' lang='lat' dir='ltr'><strong>resupinum</strong></span> <span class='ocrx_word' id='word_1_10' title='bbox 731 540 769 584; x_wconf 90' lang='lat' dir='ltr'><strong>ac</strong></span> <span class='ocrx_word' id='word_1_11' title='bbox 787 526 1049 609; x_wconf 82' lang='lat' dir='ltr'><strong>paeneruentem</strong></span> <span class='ocrx_word' id='word_1_12' title='bbox 1071 537 1078 576; x_wconf 91' lang='lat'>:</span> 
     </span>
     <span class='ocr_line' id='line_1_3' title="bbox 190 633 946 725; baseline -0.005 -23"><span class='ocrx_word' id='word_1_13' title='bbox 190 638 234 702; x_wconf 90' lang='lat' dir='ltr'><strong>Et</strong></span> <span class='ocrx_word' id='word_1_14' title='bbox 253 634 286 701; x_wconf 91' lang='lat' dir='ltr'><strong>ni</strong></span> <span class='ocrx_word' id='word_1_15' title='bbox 306 648 443 702; x_wconf 85' lang='lat' dir='ltr'><strong>curvato</strong></span> <span class='ocrx_word' id='word_1_16' title='bbox 463 635 630 702; x_wconf 79' lang='lat' dir='ltr'><strong>torsissem</strong></span> <span class='ocrx_word' id='word_1_17' title='bbox 650 633 776 725; x_wconf 86' lang='lat' dir='ltr'><strong>spicula</strong></span> <span class='ocrx_word' id='word_1_18' title='bbox 795 657 946 702; x_wconf 81' lang='lat' dir='ltr'><strong>cornu...</strong></span> 
     </span>
     <span class='ocr_line' id='line_1_4' title="bbox 191 751 1052 846; baseline -0.006 -24"><span class='ocrx_word' id='word_1_19' title='bbox 191 755 289 822; x_wconf 90' lang='lat' dir='ltr'><strong>Nunc</strong></span> <span class='ocrx_word' id='word_1_20' title='bbox 306 754 364 820; x_wconf 92' lang='lat' dir='ltr'><strong>ubi</strong></span> <span class='ocrx_word' id='word_1_21' title='bbox 380 751 466 821; x_wconf 90' lang='lat' dir='ltr'><strong>bella</strong></span> <span class='ocrx_word' id='word_1_22' title='bbox 483 753 569 821; x_wconf 81' lang='lat' dir='ltr'><strong>tibi?</strong></span> <span class='ocrx_word' id='word_1_23' title='bbox 587 751 632 820; x_wconf 91' lang='lat' dir='ltr'><strong>nil</strong></span> <span class='ocrx_word' id='word_1_24' title='bbox 653 769 684 821; x_wconf 84' lang='lat' dir='ltr'><strong>te</strong></span> <span class='ocrx_word' id='word_1_25' title='bbox 703 777 776 821; x_wconf 88' lang='lat' dir='ltr'><strong>mea</strong></span> <span class='ocrx_word' id='word_1_26' title='bbox 795 751 860 821; x_wconf 87' lang='lat' dir='ltr'><strong>tela</strong></span> <span class='ocrx_word' id='word_1_27' title='bbox 871 752 1052 846; x_wconf 87' lang='lat' dir='ltr'><strong>juvabunt,</strong></span> 
     </span>
     <span class='ocr_line' id='line_1_5' title="bbox 191 870 1028 959; baseline -0.006 -17"><span class='ocrx_word' id='word_1_28' title='bbox 191 876 261 942; x_wconf 86' lang='lat' dir='ltr'><strong>Nec</strong></span> <span class='ocrx_word' id='word_1_29' title='bbox 282 888 399 943; x_wconf 84' lang='lat' dir='ltr'><strong>teretes</strong></span> <span class='ocrx_word' id='word_1_30' title='bbox 416 898 528 959; x_wconf 85' lang='lat' dir='ltr'><strong>arcus,</strong></span> <span class='ocrx_word' id='word_1_31' title='bbox 548 872 685 943; x_wconf 86' lang='lat' dir='ltr'><strong>maculis</strong></span> <span class='ocrx_word' id='word_1_32' title='bbox 705 898 767 941; x_wconf 90' lang='lat' dir='ltr'><strong>ncc</strong></span> <span class='ocrx_word' id='word_1_33' title='bbox 784 870 928 942; x_wconf 78' lang='lat' dir='ltr'><strong>discolor</strong></span> <span class='ocrx_word' id='word_1_34' title='bbox 947 871 1028 938; x_wconf 87' lang='lat' dir='ltr'><strong>atris</strong></span> 
     </span>
     <span class='ocr_line' id='line_1_6' title="bbox 104 991 1073 1087; baseline -0.008 -22"><span class='ocrx_word' id='word_1_35' title='bbox 104 1060 106 1065; x_wconf 81' lang='grc'>,</span> <span class='ocrx_word' id='word_1_36' title='bbox 191 995 268 1079; x_wconf 85' lang='lat' dir='ltr'><strong>Hic,</strong></span> <span class='ocrx_word' id='word_1_37' title='bbox 288 996 341 1062; x_wconf 90' lang='lat' dir='ltr'><strong>cui</strong></span> <span class='ocrx_word' id='word_1_38' title='bbox 358 993 448 1081; x_wconf 87' lang='lat' dir='ltr'><strong>fidis,</strong></span> <span class='ocrx_word' id='word_1_39' title='bbox 468 1017 572 1086; x_wconf 90' lang='lat' dir='ltr'><strong>equus</strong></span> <span class='ocrx_word' id='word_1_40' title='bbox 591 1019 599 1060; x_wconf 78' lang='lat' dir='ltr'><strong><em>z</em></strong></span> <span class='ocrx_word' id='word_1_41' title='bbox 618 995 747 1087; x_wconf 84' lang='lat' dir='ltr'><strong>magnis</strong></span> <span class='ocrx_word' id='word_1_42' title='bbox 765 991 938 1061; x_wconf 88' lang='lat' dir='ltr'><strong>conatibus</strong></span> <span class='ocrx_word' id='word_1_43' title='bbox 956 991 1073 1075; x_wconf 88' lang='lat' dir='ltr'><strong>instas,</strong></span> 
     </span>
     <span class='ocr_line' id='line_1_7' title="bbox 191 1109 1143 1206; baseline -0.005 -25"><span class='ocrx_word' id='word_1_44' title='bbox 191 1115 257 1181; x_wconf 82' lang='lat' dir='ltr'><strong>Vix</strong></span> <span class='ocrx_word' id='word_1_45' title='bbox 274 1112 444 1206; x_wconf 83' lang='lat' dir='ltr'>Dryadum</span> <span class='ocrx_word' id='word_1_46' title='bbox 465 1111 636 1196; x_wconf 78' lang='lat' dir='ltr'><strong>thalamis,</strong></span> <span class='ocrx_word' id='word_1_47' title='bbox 654 1110 1017 1204; x_wconf 76' lang='lat' dir='ltr'><strong>Erymanthiadumque</strong></span> <span class='ocrx_word' id='word_1_48' title='bbox 1038 1109 1143 1177; x_wconf 88' lang='lat' dir='ltr'><strong>furori</strong></span> 
     </span>
     <span class='ocr_line' id='line_1_8' title="bbox 192 1231 1048 1331; baseline -0.011 -27"><span class='ocrx_word' id='word_1_49' title='bbox 192 1233 421 1327; x_wconf 78' lang='lat' dir='ltr'><strong>Nympharum</strong></span> <span class='ocrx_word' id='word_1_50' title='bbox 443 1246 571 1300; x_wconf 89' lang='lat' dir='ltr'><strong>mature</strong></span> <span class='ocrx_word' id='word_1_51' title='bbox 591 1255 683 1325; x_wconf 87' lang='lat' dir='ltr'><strong>puer.</strong></span> <span class='ocrx_word' id='word_1_52' title='bbox 707 1234 793 1331; x_wconf 83' lang='lat' dir='ltr'><strong>Sunt</strong></span> <span class='ocrx_word' id='word_1_53' title='bbox 804 1231 923 1299; x_wconf 84' lang='lat' dir='ltr'><strong>omina</strong></span> <span class='ocrx_word' id='word_1_54' title='bbox 943 1254 1019 1297; x_wconf 85' lang='lat' dir='ltr'><strong>vera</strong></span> <span class='ocrx_word' id='word_1_55' title='bbox 1040 1255 1048 1295; x_wconf 77' lang='grc' dir='ltr'><strong><em>ε</em></strong></span> 
     </span>
     <span class='ocr_line' id='line_1_9' title="bbox 191 1349 974 1446; baseline -0.004 -24"><span class='ocrx_word' id='word_1_56' title='bbox 191 1355 337 1422; x_wconf 87' lang='lat' dir='ltr'><strong>Mirabar</strong></span> <span class='ocrx_word' id='word_1_57' title='bbox 354 1378 414 1421; x_wconf 90' lang='lat' dir='ltr'><strong>cur</strong></span> <span class='ocrx_word' id='word_1_58' title='bbox 432 1349 554 1446; x_wconf 90' lang='lat' dir='ltr'><strong>templa</strong></span> <span class='ocrx_word' id='word_1_59' title='bbox 572 1352 653 1420; x_wconf 88' lang='lat' dir='ltr'><strong>mihi</strong></span> <span class='ocrx_word' id='word_1_60' title='bbox 670 1352 843 1419; x_wconf 87' lang='lat' dir='ltr'><strong>tremuisse</strong></span> <span class='ocrx_word' id='word_1_61' title='bbox 858 1352 974 1423; x_wconf 84' lang='lat' dir='ltr'><strong>Dianae</strong></span> 
     </span>
     <span class='ocr_line' id='line_1_10' title="bbox 190 1469 1009 1566; baseline -0.005 -24"><span class='ocrx_word' id='word_1_62' title='bbox 190 1475 319 1566; x_wconf 86' lang='lat' dir='ltr'><strong>Nuper,</strong></span> <span class='ocrx_word' id='word_1_63' title='bbox 339 1487 372 1540; x_wconf 91' lang='lat' dir='ltr'><strong>et</strong></span> <span class='ocrx_word' id='word_1_64' title='bbox 389 1471 523 1541; x_wconf 86' lang='lat' dir='ltr'><strong>inferior</strong></span> <span class='ocrx_word' id='word_1_65' title='bbox 539 1469 632 1540; x_wconf 88' lang='lat' dir='ltr'><strong>vultu</strong></span> <span class='ocrx_word' id='word_1_66' title='bbox 649 1471 823 1555; x_wconf 87' lang='lat' dir='ltr'><strong>Deavisa,</strong></span> <span class='ocrx_word' id='word_1_67' title='bbox 842 1472 1009 1564; x_wconf 82' lang='lat' dir='ltr'><strong>sacrisque</strong></span> 
     </span>
     <span class='ocr_line' id='line_1_11' title="bbox 190 1587 1011 1682; baseline -0.012 -20"><span class='ocrx_word' id='word_1_68' title='bbox 190 1594 323 1662; x_wconf 82' lang='lat' dir='ltr'><strong>Exuviae</strong></span> <span class='ocrx_word' id='word_1_69' title='bbox 339 1591 486 1661; x_wconf 85' lang='lat' dir='ltr'><strong>cecidere</strong></span> <span class='ocrx_word' id='word_1_70' title='bbox 504 1587 602 1660; x_wconf 83' lang='lat' dir='ltr'><strong>tholis</strong></span> <span class='ocrx_word' id='word_1_71' title='bbox 620 1615 629 1658; x_wconf 91' lang='lat'><strong>:</strong></span> <span class='ocrx_word' id='word_1_72' title='bbox 647 1589 725 1657; x_wconf 90' lang='lat' dir='ltr'><strong>hinc</strong></span> <span class='ocrx_word' id='word_1_73' title='bbox 743 1591 876 1682; x_wconf 82' lang='lat' dir='ltr'><strong>segnior</strong></span> <span class='ocrx_word' id='word_1_74' title='bbox 893 1615 1011 1678; x_wconf 66' lang='lat' dir='ltr'><strong>arcus,</strong></span> 
     </span>
     <span class='ocr_line' id='line_1_12' title="bbox 190 1705 1054 1804; baseline -0.007 -23"><span class='ocrx_word' id='word_1_75' title='bbox 190 1710 419 1804; x_wconf 85' lang='lat' dir='ltr'><strong>Difficilesque</strong></span> <span class='ocrx_word' id='word_1_76' title='bbox 436 1733 566 1796; x_wconf 86' lang='lat' dir='ltr'><strong>manus,</strong></span> <span class='ocrx_word' id='word_1_77' title='bbox 586 1722 619 1776; x_wconf 89' lang='lat' dir='ltr'><strong>et</strong></span> <span class='ocrx_word' id='word_1_78' title='bbox 636 1706 730 1776; x_wconf 92' lang='lat' dir='ltr'><strong>nullo</strong></span> <span class='ocrx_word' id='word_1_79' title='bbox 746 1709 781 1776; x_wconf 93' lang='lat' dir='ltr'><strong>in</strong></span> <span class='ocrx_word' id='word_1_80' title='bbox 798 1705 934 1802; x_wconf 70' lang='lat' dir='ltr'><strong>uulnere</strong></span> <span class='ocrx_word' id='word_1_81' title='bbox 949 1723 1054 1777; x_wconf 76' lang='lat' dir='ltr'><strong>certae.</strong></span> 
     </span>
     <span class='ocr_line' id='line_1_13' title="bbox 191 1826 1104 1924; baseline -0.004 -25"><span class='ocrx_word' id='word_1_82' title='bbox 191 1835 366 1924; x_wconf 83' lang='lat' dir='ltr'><strong>Exspecta,</strong></span> <span class='ocrx_word' id='word_1_83' title='bbox 384 1830 464 1900; x_wconf 90' lang='lat' dir='ltr'><strong>dum</strong></span> <span class='ocrx_word' id='word_1_84' title='bbox 479 1828 585 1920; x_wconf 91' lang='lat' dir='ltr'><strong>major</strong></span> <span class='ocrx_word' id='word_1_85' title='bbox 600 1828 721 1915; x_wconf 87' lang='lat' dir='ltr'><strong>honos,</strong></span> <span class='ocrx_word' id='word_1_86' title='bbox 741 1826 821 1897; x_wconf 91' lang='lat' dir='ltr'><strong>dum</strong></span> <span class='ocrx_word' id='word_1_87' title='bbox 838 1827 968 1917; x_wconf 87' lang='lat' dir='ltr'><strong>firmius</strong></span> <span class='ocrx_word' id='word_1_88' title='bbox 983 1853 1104 1913; x_wconf 78' lang='lat' dir='ltr'><strong>aevum,</strong></span> 
     </span>
     <span class='ocr_line' id='line_1_14' title="bbox 189 1947 1145 2044; baseline -0.005 -23"><span class='ocrx_word' id='word_1_89' title='bbox 189 1957 279 2021; x_wconf 92' lang='lat' dir='ltr'><strong>Dum</strong></span> <span class='ocrx_word' id='word_1_90' title='bbox 299 1952 401 2020; x_wconf 86' lang='lat' dir='ltr'><strong>roseis</strong></span> <span class='ocrx_word' id='word_1_91' title='bbox 419 1949 508 2016; x_wconf 86' lang='lat' dir='ltr'><strong>venit</strong></span> <span class='ocrx_word' id='word_1_92' title='bbox 525 1947 645 2016; x_wconf 87' lang='lat' dir='ltr'><strong>umbra</strong></span> <span class='ocrx_word' id='word_1_93' title='bbox 665 1951 773 2044; x_wconf 84' lang='lat' dir='ltr'><strong>genis,</strong></span> <span class='ocrx_word' id='word_1_94' title='bbox 791 1949 969 2043; x_wconf 86' lang='lat' dir='ltr'><strong>vultusque</strong></span> <span class='ocrx_word' id='word_1_95' title='bbox 989 1947 1145 2018; x_wconf 85' lang='lat' dir='ltr'><strong>recedunt</strong></span> 
     </span>
     <span class='ocr_line' id='line_1_15' title="bbox 190 2067 1128 2164; baseline -0.004 -23"><span class='ocrx_word' id='word_1_96' title='bbox 190 2077 259 2141; x_wconf 89' lang='lat' dir='ltr'><strong>Ore</strong></span> <span class='ocrx_word' id='word_1_97' title='bbox 275 2074 338 2141; x_wconf 89' lang='lat' dir='ltr'><strong>mei</strong></span> <span class='ocrx_word' id='word_1_98' title='bbox 358 2097 366 2139; x_wconf 75' lang='grc' dir='ltr'><strong>ε</strong></span> <span class='ocrx_word' id='word_1_99' title='bbox 385 2084 465 2138; x_wconf 90' lang='lat' dir='ltr'><strong>tunc</strong></span> <span class='ocrx_word' id='word_1_100' title='bbox 482 2067 569 2138; x_wconf 86' lang='lat' dir='ltr'><strong>bella</strong></span> <span class='ocrx_word' id='word_1_101' title='bbox 586 2070 662 2156; x_wconf 86' lang='lat' dir='ltr'><strong>tibi,</strong></span> <span class='ocrx_word' id='word_1_102' title='bbox 684 2070 890 2164; x_wconf 86' lang='lat' dir='ltr'><strong>ferrumque,</strong></span> <span class='ocrx_word' id='word_1_103' title='bbox 911 2070 1002 2162; x_wconf 92' lang='lat' dir='ltr'><strong>quod</strong></span> <span class='ocrx_word' id='word_1_104' title='bbox 1018 2071 1128 2153; x_wconf 84' lang='lat' dir='ltr'><strong>ardes,</strong></span> 
     </span>
     <span class='ocr_line' id='line_1_16' title="bbox 189 2188 998 2288; baseline -0.002 -27"><span class='ocrx_word' id='word_1_105' title='bbox 189 2197 263 2288; x_wconf 89' lang='lat' dir='ltr'><strong>Ipsa</strong></span> <span class='ocrx_word' id='word_1_106' title='bbox 280 2191 382 2274; x_wconf 84' lang='lat' dir='ltr'><strong>dabo,</strong></span> <span class='ocrx_word' id='word_1_107' title='bbox 397 2202 429 2258; x_wconf 91' lang='lat' dir='ltr'><strong>et</strong></span> <span class='ocrx_word' id='word_1_108' title='bbox 448 2188 540 2258; x_wconf 92' lang='lat' dir='ltr'><strong>nullo</strong></span> <span class='ocrx_word' id='word_1_109' title='bbox 558 2193 674 2259; x_wconf 89' lang='lat' dir='ltr'><strong>matris</strong></span> <span class='ocrx_word' id='word_1_110' title='bbox 690 2193 888 2261; x_wconf 84' lang='lat' dir='ltr'><strong>revocabere</strong></span> <span class='ocrx_word' id='word_1_111' title='bbox 906 2193 998 2261; x_wconf 87' lang='lat' dir='ltr'><strong>fletu.</strong></span> 
     </span>
     <span class='ocr_line' id='line_1_17' title="bbox 189 2309 1197 2391; baseline -0.008 -9"><span class='ocrx_word' id='word_1_112' title='bbox 189 2314 285 2382; x_wconf 88' lang='lat' dir='ltr'><strong>Nunc</strong></span> <span class='ocrx_word' id='word_1_113' title='bbox 304 2310 390 2379; x_wconf 84' lang='lat' dir='ltr'><strong>refer</strong></span> <span class='ocrx_word' id='word_1_114' title='bbox 404 2332 497 2378; x_wconf 88' lang='lat' dir='ltr'><strong>arma</strong></span> <span class='ocrx_word' id='word_1_115' title='bbox 514 2310 650 2380; x_wconf 92' lang='lat' dir='ltr'><strong>domum</strong></span> <span class='ocrx_word' id='word_1_116' title='bbox 669 2338 677 2379; x_wconf 75' lang='grc' dir='ltr'><strong><em>ε</em></strong></span> <span class='ocrx_word' id='word_1_117' title='bbox 695 2326 879 2380; x_wconf 80' lang='lat' dir='ltr'><strong>vosautem</strong></span> <span class='ocrx_word' id='word_1_118' title='bbox 898 2313 1054 2382; x_wconf 78' lang='lat' dir='ltr'><strong>huncine</strong></span> <span class='ocrx_word' id='word_1_119' title='bbox 1070 2309 1197 2391; x_wconf 85' lang='lat' dir='ltr'><strong>sinetis,</strong></span> 
     </span>
     <span class='ocr_line' id='line_1_18' title="bbox 189 2428 1010 2518; baseline -0.006 -17"><span class='ocrx_word' id='word_1_120' title='bbox 189 2428 350 2501; x_wconf 79' lang='lat' dir='ltr'><strong>Arcades?</strong></span> <span class='ocrx_word' id='word_1_121' title='bbox 367 2455 388 2498; x_wconf 95' lang='lat' dir='ltr'><strong>o</strong></span> <span class='ocrx_word' id='word_1_122' title='bbox 407 2431 493 2498; x_wconf 85' lang='lat' dir='ltr'><strong>saxis</strong></span> <span class='ocrx_word' id='word_1_123' title='bbox 513 2432 688 2518; x_wconf 89' lang='lat' dir='ltr'><strong>nimirum,</strong></span> <span class='ocrx_word' id='word_1_124' title='bbox 706 2447 739 2501; x_wconf 91' lang='lat' dir='ltr'><strong>et</strong></span> <span class='ocrx_word' id='word_1_125' title='bbox 758 2433 878 2502; x_wconf 89' lang='lat' dir='ltr'><strong>robore</strong></span> <span class='ocrx_word' id='word_1_126' title='bbox 897 2428 980 2501; x_wconf 84' lang='lat' dir='ltr'><strong>nati!</strong></span> <span class='ocrx_word' id='word_1_127' title='bbox 992 2462 1010 2496; x_wconf 76' lang='lat' dir='ltr'><strong>s</strong></span> 
     </span>
     <span class='ocr_line' id='line_1_19' title="bbox 234 2547 1085 2646; baseline 0 -28"><span class='ocrx_word' id='word_1_128' title='bbox 234 2547 333 2619; x_wconf 90' lang='lat' dir='ltr'><strong>Plura</strong></span> <span class='ocrx_word' id='word_1_129' title='bbox 352 2550 444 2645; x_wconf 90' lang='lat' dir='ltr'><strong>cupit</strong></span> <span class='ocrx_word' id='word_1_130' title='bbox 462 2576 470 2619; x_wconf 81' lang='lat' dir='ltr'><strong>t</strong></span> <span class='ocrx_word' id='word_1_131' title='bbox 491 2551 556 2619; x_wconf 87' lang='lat' dir='ltr'><strong>fusi</strong></span> <span class='ocrx_word' id='word_1_132' title='bbox 576 2552 703 2620; x_wconf 86' lang='lat' dir='ltr'><strong>circum</strong></span> <span class='ocrx_word' id='word_1_133' title='bbox 722 2567 901 2646; x_wconf 86' lang='lat' dir='ltr'><strong>natusque,</strong></span> <span class='ocrx_word' id='word_1_134' title='bbox 920 2551 1085 2644; x_wconf 85' lang='lat' dir='ltr'><strong>ducesque</strong></span> 
     </span>
     <span class='ocr_line' id='line_1_20' title="bbox 185 2669 1200 2768; baseline -0.005 -27"><span class='ocrx_word' id='word_1_135' title='bbox 185 2669 358 2756; x_wconf 88' lang='lat' dir='ltr'><strong>Solantur,</strong></span> <span class='ocrx_word' id='word_1_136' title='bbox 375 2672 598 2765; x_wconf 89' lang='lat' dir='ltr'><strong>minuuntque</strong></span> <span class='ocrx_word' id='word_1_137' title='bbox 615 2687 739 2761; x_wconf 90' lang='lat' dir='ltr'><strong>metus,</strong></span> <span class='ocrx_word' id='word_1_138' title='bbox 756 2675 871 2768; x_wconf 77' lang='lat' dir='ltr'><strong>etjam</strong></span> <span class='ocrx_word' id='word_1_139' title='bbox 890 2671 1025 2741; x_wconf 89' lang='lat' dir='ltr'><strong>horrida</strong></span> <span class='ocrx_word' id='word_1_140' title='bbox 1042 2671 1200 2765; x_wconf 83' lang='lat' dir='ltr'><strong>clangunt</strong></span> 
     </span>
     <span class='ocr_line' id='line_1_21' title="bbox 187 2791 1029 2889; baseline 0 -28"><span class='ocrx_word' id='word_1_141' title='bbox 187 2794 289 2887; x_wconf 84' lang='lat' dir='ltr'><strong>Signa</strong></span> <span class='ocrx_word' id='word_1_142' title='bbox 307 2792 396 2861; x_wconf 84' lang='lat' dir='ltr'><strong>tubae</strong></span> <span class='ocrx_word' id='word_1_143' title='bbox 416 2819 424 2862; x_wconf 75' lang='grc' dir='ltr'><strong>ε</strong></span> <span class='ocrx_word' id='word_1_144' title='bbox 444 2793 560 2887; x_wconf 89' lang='lat' dir='ltr'><strong>nequit</strong></span> <span class='ocrx_word' id='word_1_145' title='bbox 577 2791 634 2863; x_wconf 89' lang='lat' dir='ltr'><strong>illa</strong></span> <span class='ocrx_word' id='word_1_146' title='bbox 652 2795 709 2889; x_wconf 89' lang='lat' dir='ltr'><strong>pio</strong></span> <span class='ocrx_word' id='word_1_147' title='bbox 730 2795 896 2865; x_wconf 83' lang='lat' dir='ltr'><strong>dimittere</strong></span> <span class='ocrx_word' id='word_1_148' title='bbox 914 2807 1029 2862; x_wconf 88' lang='lat' dir='ltr'><strong>natum</strong></span> 
     </span>
     <span class='ocr_line' id='line_1_22' title="bbox 185 2911 1102 3009; baseline 0 -27"><span class='ocrx_word' id='word_1_149' title='bbox 185 2911 387 3006; x_wconf 87' lang='lat' dir='ltr'><strong>Complexu,</strong></span> <span class='ocrx_word' id='word_1_150' title='bbox 404 2913 614 3009; x_wconf 89' lang='lat' dir='ltr'><strong>multumque</strong></span> <span class='ocrx_word' id='word_1_151' title='bbox 630 2915 708 2986; x_wconf 91' lang='lat' dir='ltr'><strong>duci</strong></span> <span class='ocrx_word' id='word_1_152' title='bbox 725 2915 937 2985; x_wconf 84' lang='lat' dir='ltr'><strong>commendat</strong></span> <span class='ocrx_word' id='word_1_153' title='bbox 952 2913 1102 2985; x_wconf 87' lang='lat' dir='ltr'><strong>Adrasto.</strong></span> 
     </span>
     <span class='ocr_line' id='line_1_23' title="bbox 233 3033 984 3130; baseline -0.003 -25"><span class='ocrx_word' id='word_1_154' title='bbox 233 3037 277 3105; x_wconf 81' lang='lat' dir='ltr'><strong>At</strong></span> <span class='ocrx_word' id='word_1_155' title='bbox 295 3050 388 3128; x_wconf 89' lang='lat' dir='ltr'><strong>parte</strong></span> <span class='ocrx_word' id='word_1_156' title='bbox 403 3033 523 3105; x_wconf 83' lang='lat' dir='ltr'><strong>exalia</strong></span> <span class='ocrx_word' id='word_1_157' title='bbox 541 3036 658 3107; x_wconf 89' lang='lat' dir='ltr'><strong>Cadmi</strong></span> <span class='ocrx_word' id='word_1_158' title='bbox 675 3039 842 3122; x_wconf 86' lang='lat' dir='ltr'><strong>Mavortia</strong></span> <span class='ocrx_word' id='word_1_159' title='bbox 857 3034 984 3130; x_wconf 85' lang='lat' dir='ltr'><strong>plebes,</strong></span> 
     </span>
     <span class='ocr_line' id='line_1_24' title="bbox 183 3152 960 3244; baseline 0 -19"><span class='ocrx_word' id='word_1_160' title='bbox 183 3159 305 3225; x_wconf 87' lang='lat' dir='ltr'><strong>Moesta</strong></span> <span class='ocrx_word' id='word_1_161' title='bbox 325 3152 420 3224; x_wconf 88' lang='lat' dir='ltr'><strong>ducis</strong></span> <span class='ocrx_word' id='word_1_162' title='bbox 440 3155 549 3243; x_wconf 84' lang='lat' dir='ltr'><strong>furiis,</strong></span> <span class='ocrx_word' id='word_1_163' title='bbox 569 3172 603 3224; x_wconf 87' lang='lat' dir='ltr'><strong>et</strong></span> <span class='ocrx_word' id='word_1_164' title='bbox 622 3156 700 3226; x_wconf 89' lang='lat' dir='ltr'><strong>belli</strong></span> <span class='ocrx_word' id='word_1_165' title='bbox 721 3158 836 3226; x_wconf 87' lang='lat' dir='ltr'><strong>territa</strong></span> <span class='ocrx_word' id='word_1_166' title='bbox 856 3156 960 3244; x_wconf 86' lang='lat' dir='ltr'><strong>fama,</strong></span> 
     </span>
     <span class='ocr_line' id='line_1_25' title="bbox 126 3275 1121 3373; baseline -0.004 -22"><span class='ocrx_word' id='word_1_167' title='bbox 126 3347 129 3351; x_wconf 90' lang='grc'><em>,</em></span> <span class='ocrx_word' id='word_1_168' title='bbox 184 3276 352 3371; x_wconf 85' lang='lat' dir='ltr'><strong>(Quando</strong></span> <span class='ocrx_word' id='word_1_169' title='bbox 369 3277 421 3346; x_wconf 91' lang='lat' dir='ltr'><strong>his</strong></span> <span class='ocrx_word' id='word_1_170' title='bbox 442 3275 612 3370; x_wconf 83' lang='lat' dir='ltr'><strong>vulgatum</strong></span> <span class='ocrx_word' id='word_1_171' title='bbox 633 3277 830 3347; x_wconf 86' lang='lat' dir='ltr'><strong>descendere</strong></span> <span class='ocrx_word' id='word_1_172' title='bbox 847 3280 974 3348; x_wconf 90' lang='lat' dir='ltr'><strong>viribus</strong></span> <span class='ocrx_word' id='word_1_173' title='bbox 992 3279 1121 3373; x_wconf 83' lang='lat' dir='ltr'><strong>Argos)</strong></span> 
     </span>
     <span class='ocr_line' id='line_1_26' title="bbox 182 3393 1049 3495; baseline 0.003 -30"><span class='ocrx_word' id='word_1_174' title='bbox 182 3395 323 3465; x_wconf 88' lang='lat' dir='ltr'><strong>Tardius</strong></span> <span class='ocrx_word' id='word_1_175' title='bbox 345 3393 402 3465; x_wconf 85' lang='lat' dir='ltr'><strong>illa</strong></span> <span class='ocrx_word' id='word_1_176' title='bbox 420 3395 570 3490; x_wconf 81' lang='lat' dir='ltr'><strong>quidem,</strong></span> <span class='ocrx_word' id='word_1_177' title='bbox 590 3399 693 3492; x_wconf 84' lang='lat' dir='ltr'><strong>regis,</strong></span> <span class='ocrx_word' id='word_1_178' title='bbox 713 3423 885 3492; x_wconf 68' lang='lat' dir='ltr'><strong>causaeque</strong></span> <span class='ocrx_word' id='word_1_179' title='bbox 906 3400 1049 3495; x_wconf 88' lang='lat' dir='ltr'><strong>pudore,</strong></span> 
     </span>
     <span class='ocr_line' id='line_1_27' title="bbox 181 3512 1032 3616; baseline 0.004 -31"><span class='ocrx_word' id='word_1_180' title='bbox 181 3520 308 3586; x_wconf 88' lang='lat' dir='ltr'><strong>Verum</strong></span> <span class='ocrx_word' id='word_1_181' title='bbox 326 3512 412 3584; x_wconf 85' lang='lat' dir='ltr'><strong>bella</strong></span> <span class='ocrx_word' id='word_1_182' title='bbox 431 3533 567 3586; x_wconf 87' lang='lat' dir='ltr'><strong>movet:</strong></span> <span class='ocrx_word' id='word_1_183' title='bbox 588 3515 672 3588; x_wconf 89' lang='lat' dir='ltr'><strong>nulli</strong></span> <span class='ocrx_word' id='word_1_184' title='bbox 690 3517 888 3616; x_wconf 81' lang='lat' dir='ltr'><strong>distringere</strong></span> <span class='ocrx_word' id='word_1_185' title='bbox 907 3520 1032 3590; x_wconf 85' lang='lat' dir='ltr'><strong>ferrum</strong></span> 
     </span>
     <span class='ocr_line' id='line_1_28' title="bbox 181 3637 1158 3737; baseline 0.007 -32"><span class='ocrx_word' id='word_1_186' title='bbox 181 3641 346 3730; x_wconf 86' lang='lat' dir='ltr'><strong>impetus,</strong></span> <span class='ocrx_word' id='word_1_187' title='bbox 364 3651 423 3705; x_wconf 89' lang='lat' dir='ltr'><strong>aut</strong></span> <span class='ocrx_word' id='word_1_188' title='bbox 438 3637 595 3709; x_wconf 88' lang='lat' dir='ltr'><strong>humeros</strong></span> <span class='ocrx_word' id='word_1_189' title='bbox 612 3637 727 3734; x_wconf 79' lang='lat' dir='ltr'><strong>clypeo</strong></span> <span class='ocrx_word' id='word_1_190' title='bbox 745 3640 899 3711; x_wconf 85' lang='lat' dir='ltr'><strong>clausisse</strong></span> <span class='ocrx_word' id='word_1_191' title='bbox 916 3658 1054 3737; x_wconf 88' lang='lat' dir='ltr'><strong>paterno</strong></span> <span class='ocrx_word' id='word_1_192' title='bbox 1152 3718 1158 3729; x_wconf 43' lang='grc'><strong>,</strong></span> 
     </span>
     <span class='ocr_line' id='line_1_29' title="bbox 182 3756 1060 3857; baseline 0.002 -28"><span class='ocrx_word' id='word_1_193' title='bbox 182 3757 303 3846; x_wconf 89' lang='lat' dir='ltr'><strong>Dulce,</strong></span> <span class='ocrx_word' id='word_1_194' title='bbox 324 3782 385 3826; x_wconf 89' lang='lat' dir='ltr'><strong>nec</strong></span> <span class='ocrx_word' id='word_1_195' title='bbox 403 3756 571 3852; x_wconf 88' lang='lat' dir='ltr'><strong>alipedum</strong></span> <span class='ocrx_word' id='word_1_196' title='bbox 588 3762 668 3855; x_wconf 84' lang='lat' dir='ltr'><strong>juga</strong></span> <span class='ocrx_word' id='word_1_197' title='bbox 688 3787 834 3851; x_wconf 86' lang='lat' dir='ltr'><strong>cornere,</strong></span> <span class='ocrx_word' id='word_1_198' title='bbox 852 3763 961 3857; x_wconf 90' lang='lat' dir='ltr'><strong>qualia</strong></span> <span class='ocrx_word' id='word_1_199' title='bbox 982 3763 1060 3833; x_wconf 85' lang='lat' dir='ltr'><strong>belli</strong></span> 
     </span>
     <span class='ocr_line' id='line_1_30' title="bbox 184 3878 1069 3975; baseline 0.006 -27"><span class='ocrx_word' id='word_1_200' title='bbox 184 3878 314 3948; x_wconf 90' lang='lat' dir='ltr'><strong>Gaudia</strong></span> <span class='ocrx_word' id='word_1_201' title='bbox 334 3904 341 3946; x_wconf 93' lang='lat'><strong>:</strong></span> <span class='ocrx_word' id='word_1_202' title='bbox 364 3879 482 3972; x_wconf 86' lang='lat' dir='ltr'><strong>dejecti</strong></span> <span class='ocrx_word' id='word_1_203' title='bbox 498 3879 644 3975; x_wconf 87' lang='lat' dir='ltr'><strong>trepidas</strong></span> <span class='ocrx_word' id='word_1_204' title='bbox 660 3883 732 3952; x_wconf 89' lang='lat' dir='ltr'><strong>sine</strong></span> <span class='ocrx_word' id='word_1_205' title='bbox 747 3900 876 3969; x_wconf 88' lang='lat' dir='ltr'><strong>mente,</strong></span> <span class='ocrx_word' id='word_1_206' title='bbox 893 3887 964 3953; x_wconf 88' lang='lat' dir='ltr'><strong>sine</strong></span> <span class='ocrx_word' id='word_1_207' title='bbox 982 3887 1047 3971; x_wconf 88' lang='lat' dir='ltr'><strong>ira,</strong></span> <span class='ocrx_word' id='word_1_208' title='bbox 1066 3938 1069 3942; x_wconf 57' lang='grc'><em>»</em></span> 
     </span>
    </p>
   </div>
   <div class='ocr_carea' id='block_1_3' title="bbox 184 4000 1062 4104">
    <p class='ocr_par' dir='ltr' id='par_1_3' title="bbox 184 4000 1062 4104">
     <span class='ocr_line' id='line_1_31' title="bbox 184 4000 1062 4104; baseline 0.005 -34"><span class='ocrx_word' id='word_1_209' title='bbox 184 4000 369 4070; x_wconf 88' lang='lat' dir='ltr'><strong>Promisere</strong></span> <span class='ocrx_word' id='word_1_210' title='bbox 388 4021 507 4070; x_wconf 87' lang='lat' dir='ltr'><strong>manus</strong></span> <span class='ocrx_word' id='word_1_211' title='bbox 526 4028 534 4068; x_wconf 90' lang='lat'>:</span> <span class='ocrx_word' id='word_1_212' title='bbox 554 4003 608 4071; x_wconf 91' lang='lat' dir='ltr'><strong>hic</strong></span> <span class='ocrx_word' id='word_1_213' title='bbox 626 4029 712 4098; x_wconf 82' lang='lat' dir='ltr'><strong>aegra</strong></span> <span class='ocrx_word' id='word_1_214' title='bbox 732 4006 765 4073; x_wconf 92' lang='lat' dir='ltr'><strong>in</strong></span> <span class='ocrx_word' id='word_1_215' title='bbox 784 4022 873 4075; x_wconf 88' lang='lat' dir='ltr'><strong>sorte</strong></span> <span class='ocrx_word' id='word_1_216' title='bbox 890 4021 1062 4104; x_wconf 87' lang='lat' dir='ltr'><strong>parentem</strong></span> 
     </span>
    </p>
   </div>
   <div class='ocr_carea' id='block_1_4' title="bbox 0 0 1410 5258">
    <p class='ocr_par' dir='ltr' id='par_1_4' title="bbox 0 0 1410 5258">
     <span class='ocr_line' id='line_1_32' title="bbox 0 0 1410 5258; baseline 0 1"><span class='ocrx_word' id='word_1_217' title='bbox 0 0 1410 5258; x_wconf 95' lang='lat' dir='ltr'><strong> </strong></span> 
     </span>
    </p>
   </div>
  </div>
 </body>
</html>
