2812 5258
350 676 577 783 VERBA
615 674 928 779 ACHILLIS

475 926 522 985 “lu
543 927 798 985 rsumuouu

123 1133 290 1239 QUUM
317 1134 511 1217 TUBAM
539 1129 817 1217 DIOMEDIS
846 1130 1112 1215 AUDISSET
1130 1130 1161 1217 ⁴.

562 1498 720 1516 ‘-

125 1739 243 1864 Vsus
263 1792 353 1861 velut
366 1806 470 1862 caute
489 1816 627 1886 surgens
644 1791 787 1861 formido
807 1793 938 1885 parenti

126 1914 297 1981 Femineos
313 1914 467 2005 juvenem
482 1914 581 2007 jussit
597 1938 651 1982 me
667 1937 795 1983 sumere
811 1910 936 1997 cultus,

126 2034 171 2103 Et
189 2032 294 2105 celare
313 2035 421 2105 virum
442 2034 524 2105 falso
543 2061 602 2131 per
618 2036 763 2131 tegmina
776 2059 873 2117 sexu3

126 2154 227 2225 Unde
245 2179 307 2249 ego
325 2154 471 2227 lanifieas
487 2159 611 2227 tentavi
630 2155 790 2251 inglorius
802 2170 905 2239 arim,

128 2276 363 2370 virgineisque
380 2279 461 2347 toris
477 2277 644 2371 carpenda
659 2277 702 2346 ad
718 2275 836 2346 vellera
853 2275 992 2344 inhesit

12 2412 19 2425 ”
128 2397 227 2465 Nunc
245 2411 356 2465 nutem
373 2399 545 2490 proprium
562 2422 696 2465 servans
717 2412 836 2464 nature
855 2399 1000 2487 vigorem

125 2492 302 2605 ⁴Compellit
317 2512 423 2580 fluxos
440 2512 586 2579 humeris
602 2509 764 2604 depellere
777 2512 925 2580 amictus.

126 2635 218 2705 Dum
234 2656 296 2702 nos
309 2630 397 2701 bella
415 2646 537 2701 vocant
555 2656 656 2701 rauco
673 2629 829 2726 clangore
843 2631 1013 2714 tubarum,

128 2758 225 2827 Mons
238 2755 398 2848 quatitur,
417 2777 587 2848 serusque
607 2752 697 2829 fovet
714 2754 893 2851 precordia
912 2755 1072 2824 Mavors:

128 2878 259 2971 Rumpe
275 2902 385 2946 moras
399 2902 512 2946 omnes
529 2877 659 2946 fervens
675 2879 710 2947 iu
725 2875 837 2971 proelia
854 2876 976 2962 virtus,

129 3003 198 3070 Nec
216 2999 314 3068 fuerit
330 2997 464 3067 latuisse
482 2997 611 3068 meum!
633 3000 668 3067 si
687 2996 819 3065 classica
838 3010 966 3082 temno,

129 3119 238 3189 Dilexi
257 3119 416 3205 latebras3
437 3144 545 3212 neque
562 3121 648 3188 enirn
669 3115 735 3185 ulla
750 3132 799 3186 est
815 3117 912 3212 culpa
928 3120 1073 3212 parentis
1088 3152 1097 3186 ι

128 3245 215 3312 Num
232 3267 335 3335 quum
355 3243 495 3335 respicio
512 3267 579 3335 quo
598 3243 658 3309 sim
679 3239 720 3309 de
739 3241 862 3310 semine
878 3255 1005 3327 cretus,

166 3486 178 3513 ⁸
192 3486 269 3532 Erunt
277 3482 375 3532 fortasse
386 3483 449 3533 iuter
457 3483 555 3534 lectores
562 3490 654 3531 nostros
662 3481 749 3546 quibus
761 3497 810 3530 non
819 3480 941 3548 displioent
950 3497 1090 3546 cognoscere
1103 3498 1163 3549 quo·

129 3563 200 3613 inodo
214 3565 240 3614 in
254 3566 339 3615 eodem
352 3566 402 3616 iere
416 3583 465 3631 quo
479 3565 564 3616 surius
579 3575 717 3631 argumento
731 3565 870 3615 exornando
883 3581 933 3615 sese
945 3565 1081 3619 exhibuerit
1094 3577 1165 3632 poeta

128 3648 215 3698 latinus
229 3647 254 3697 iu
267 3649 345 3698 medin
353 3652 402 3714 jum
416 3650 525 3700 barbarie
539 3649 638 3714 positus.
648 3650 692 3699 His
707 3649 780 3715 igitur
792 3665 889 3699 carmen
903 3649 1026 3699 offerimus
1042 3659 1123 3709 sexto,
1138 3661 1166 3700 ru

129 3731 230 3791 ridetur,
242 3733 326 3782 seculo
335 3732 469 3792 eonditum,
483 3733 626 3799 productum
639 3751 668 3783 ex
682 3732 824 3801 apographis
838 3733 924 3783 codicis
934 3732 1070 3782 suimusiani
1080 3748 1094 3782 u
1103 3736 1163 3783 Bur·

130 3833 218 3867 manno
228 3818 252 3865 in
263 3813 362 3865 Anelml.
379 3814 435 3873 las,
448 3817 492 3866 vol.
503 3834 526 3875 r.
535 3834 560 3883 p.
574 3820 607 3866 68
617 3834 683 3884 sqq„
700 3835 714 3867 a
727 3818 797 3867 nobis
811 3834 841 3867 ex
855 3817 907 3884 ipso
919 3816 1000 3866 codiee
1017 3816 1111 3882 septimi
1124 3833 1166 3866 se·

129 3901 189 3957 culi.
204 3900 334 3950 uncialibus
355 3899 437 3950 litteris
456 3901 556 3966 scripto,
572 3917 644 3967 quem
665 3902 738 3966 Regin
758 3902 817 3951 bibl.
832 3911 922 3960 servu,
937 3910 961 3950 el
979 3917 1007 3949 ex
1028 3901 1164 3964 conjerturu

128 3982 207 4034 denuo
221 3985 367 4034 recensitum.
