2812 5258
86 439 166 489 μὴ.)
413 429 601 485 8ΠΝΔΒΠΜ
621 432 730 485 LIBER
752 434 787 486 11.

85 554 233 643 Quaeque
252 551 326 619 serit
340 574 457 619 curvos
472 565 583 619 exerto
598 550 740 646 Megalia
761 552 888 623 fluctus.

85 670 228 762 Angitur
246 681 278 735 et
295 667 429 735 domino
443 682 558 736 contra
573 669 750 737 recubante
768 670 884 761 procul
901 674 956 764 qui

83 787 275 855 Surrentina
296 799 369 853 tuus
386 800 509 879 spectat
530 789 683 878 praetoria
701 789 833 856 Limon.

84 909 170 972 Ante
188 918 295 972 tamen
316 919 450 973 cunctas
466 903 580 997 procul
598 907 719 975 eminet
735 932 801 975 una
821 907 932 977 diaetas

82 1024 165 1109 Quae
186 1023 244 1089 tibi
259 1023 490 1115 Parthenopen
506 1022 631 1091 directo
651 1021 753 1092 limite
770 1028 863 1118 ponti

81 1141 214 1233 Ingerit.
234 1141 297 1209 Hic
314 1142 425 1209 Graiis
441 1141 572 1233 penitus
591 1140 717 1210 desecta
738 1141 877 1211 metallis

79 1261 163 1325 Saxa
179 1285 186 1325 ε
204 1258 293 1351 quod
310 1263 386 1328 ane
402 1261 561 1353 respergit
575 1283 658 1327 vena
673 1263 793 1353 Syenes
809 1286 818 1328 ε

80 1376 232 1468 Synnade
248 1376 337 1468 quod
353 1392 467 1445 moesta
484 1378 632 1470 Phrygiae
648 1378 758 1446 fodere
775 1402 903 1448 secures

80 1498 142 1562 Per
155 1493 292 1588 Cyheles
307 1494 451 1588 lugentis
471 1520 582 1590 agros,
597 1497 654 1564 ubi
670 1521 834 1565 marmore
853 1498 942 1590 picto

48 1635 51 1639 ·
77 1612 226 1681 Candide
242 1638 411 1708 purpureo
428 1614 641 1708 distinguitur
661 1639 736 1682 area
754 1640 847 1709 gyro.

76 1733 138 1799 Hic
157 1747 190 1799 et
208 1732 362 1826 Amyclaei
378 1756 495 1801 caesum
515 1731 555 1808 de
575 1746 687 1801 monte
706 1735 848 1826 Lycurgi

75 1849 175 1936 Quod
191 1851 289 1933 viret,
306 1864 339 1916 et
353 1848 466 1917 molles
484 1852 631 1919 imitatur
645 1852 782 1944 rupihus
802 1852 929 1921 herbas.

77 1968 139 2034 Hic
158 1965 349 2034 Nomadum
364 1965 475 2033 lucent
490 1967 641 2036 flaventia
661 1993 752 2057 saxa,
770 1971 977 2064 Thasosque,

76 2087 118 2151 Et
136 2083 254 2168 Chios,
274 2095 308 2150 et
324 2081 470 2175 gaudens
487 2083 588 2150 lluctu
606 2098 731 2154 certare
749 2090 913 2178 Carystos.

76 2202 198 2271 Omnia
218 2198 423 2269 Chalcidicas
440 2213 545 2268 turres
560 2201 699 2269 obversa
714 2201 867 2272 salutant.

74 2322 183 2388 Macte
195 2320 321 2406 animo,
336 2317 425 2411 quod
438 2320 539 2387 Graia
554 2320 688 2411 probas,
702 2321 792 2413 quod
803 2324 904 2391 Graia
916 2323 1103 2416 frequentas

73 2440 176 2523 Arva3
194 2462 254 2505 nec
270 2436 439 2504 invideant
455 2461 526 2529 qua>
546 2450 577 2505 te
598 2461 740 2530 genuere
758 2440 911 2509 Dicarchi

72 2558 220 2624 Moenia:
239 2580 299 2624 nos
315 2555 413 2624 docto
429 2553 544 2624 melius
565 2556 729 2648 potiemur
746 2555 889 2626 alumno.

73 2675 163 2762 Quid
180 2699 270 2742 nunc
285 2676 370 2742 ruris
389 2698 483 2767 opes,
502 2688 671 2767 pontoque
686 2674 817 2743 novalia
834 2676 942 2744 dicam

71 2795 210 2885 Injecta,
227 2807 258 2861 et
278 2793 425 2862 madidas
440 2793 596 2861 Bacchaeo
615 2808 747 2862 nectare
764 2792 882 2887 rupes?

71 2914 161 3004 Saepe
180 2936 239 3005 per
254 2926 467 2997 autumnum,
481 2913 550 3003 jam
569 2912 766 3005 pubescente
782 2916 895 3006 Lyaeo,

72 3029 272 3100 Conscendit
290 3028 457 3123 scopulos,
476 3030 646 3122 noctisque
663 3030 792 3099 occulta
806 3033 867 3100 sub
886 3031 1004 3099 umbra

70 3149 208 3218 Palmite
227 3163 358 3218 maturo
374 3150 522 3217 rorantia
539 3147 664 3216 lumina
684 3151 775 3217 tersit

71 3270 201 3356 Nereis,
217 3282 250 3337 et
269 3267 380 3338 dulces
398 3268 511 3362 rapuit
527 3267 567 3335 de
583 3265 720 3335 collibus
740 3292 829 3335 uvas.

72 3389 161 3479 Saepe
180 3401 212 3455 et
231 3389 340 3457 ricino
357 3411 470 3481 sparsa
485 3400 534 3455 est
552 3385 719 3454 vindemia
738 3386 856 3471 fluctu3

69 3509 112 3573 Et
130 3508 236 3598 Satyri
251 3507 396 3576 cecidere
414 3507 522 3593 vadis,
542 3504 731 3598 nudamque
746 3530 805 3599 per
821 3506 925 3574 undas

71 3623 197 3692 Dorida
213 3629 359 3694 montani
374 3628 549 3720 cupierunt
565 3625 727 3720 prendere
741 3625 857 3694 Panes.

117 3743 168 3809 Sis
183 3740 277 3829 felix,
295 3743 406 3831 tellus,
420 3746 562 3815 dominis
578 3745 737 3814 ambobus
753 3746 788 3813 in
804 3769 908 3812 annos

68 3860 255 3955 Mygdonii,
271 3860 420 3954 Pyliique
435 3867 535 3952 senis3
550 3890 611 3933 nec
628 3863 737 3932 nobile
756 3878 863 3932 mutes

66 3981 264 4066 Servitium3
284 4004 344 4049 nec
362 3994 394 4048 te
411 3981 501 4050 cultu
519 3984 689 4076 Tirynthia
709 3984 818 4052 vincat
