2812 5258
308 806 846 942 THEBAIDOS

385 1190 532 1258 LIBER
559 1190 752 1259 PRIMUS.

68 1495 283 1621 Fnaranuss
301 1547 402 1636 scies,
421 1545 610 1638 alternaque
629 1568 731 1639 regna
748 1543 894 1636 profanis

66 1674 241 1740 Decertata
255 1669 357 1756 odiis,
375 1681 549 1760 sontesque
563 1664 714 1735 evolvere
728 1664 873 1750 Thebas,

65 1792 191 1860 Pierius
208 1789 310 1858 menti
331 1786 420 1857 calor
439 1787 564 1855 incidit.
582 1786 681 1855 Unde
692 1786 813 1878 jubetis

66 1914 119 1980 Ire
135 1907 235 1979 Dete?
254 1909 414 1977 Gentisne
431 1930 546 1974 canam
564 1905 741 1998 primordia
758 1906 861 1974 dirae?

68 2030 220 2099 Sidonios
235 2039 366 2121 raptus,
385 2038 418 2093 et
436 2024 633 2093 inexorabile
653 2041 787 2120 pactum

69 2148 164 2242 Legis
184 2143 386 2241 Agenoreas?
403 2157 668 2237 scrutantemque
684 2169 814 2238 aequora
833 2145 1021 2215 Cadmum?

70 2271 183 2361 Longa
203 2280 292 2335 retro
309 2266 427 2352 series,
445 2264 609 2359 trepidum
625 2265 652 2333 si
673 2267 786 2333 martis
806 2266 913 2358 operti

68 2384 252 2482 Agricolam
271 2383 413 2454 infandis
432 2384 626 2453 condentem
644 2383 758 2478 puelia
777 2382 874 2454 sulcis

68 2505 266 2600 Expediam,
285 2506 480 2598 penitusque
500 2528 636 2597 sequar,
654 2528 721 2596 quo
736 2506 881 2574 carmine
902 2507 1003 2575 muris

68 2628 205 2695 Jnsscrit
220 2624 385 2719 Amphion
404 2625 520 2717 Tyrios
538 2624 692 2693 accedere
711 2641 848 2694 montes.

69 2747 165 2816 Unde
181 2769 295 2839 graves
312 2747 369 2813 ine
385 2758 526 2837 cognata
546 2743 580 2810 in
599 2745 719 2811 moenia
735 2745 883 2826 Baccho,

69 2865 169 2955 Quod
186 2888 276 2933 ssevae
293 2863 431 2931 lunonis
447 2887 551 2955 opus,
570 2863 624 2930 cui
640 2863 817 2956 sumpserit
832 2885 946 2930 arcum

68 2982 186 3052 Infelix
202 2983 380 3067 Athamas,
397 3006 458 3050 cur
477 3006 545 3049 non
565 2983 731 3073 expaverit
749 2983 863 3073 ingens

69 3105 217 3187 Ionium,
236 3102 325 3171 socio
342 3124 458 3169 casura
478 3097 662 3170 Polemone
680 3114 794 3168 mater.

68 3226 174 3312 Atque
192 3219 274 3288 adeo
288 3221 358 3314 jans
376 3243 465 3286 nunc
481 3218 640 3313 gemitus,
656 3233 690 3287 et
709 3242 866 3311 prospera
881 3217 996 3286 Cadmi

68 3340 264 3407 Praeteriisse
282 3339 387 3406 sinam
404 3365 412 3404 :
429 3334 522 3406 limes
542 3338 624 3405 mihi
639 3336 794 3405 carminis
810 3351 880 3406 esto

69 3456 251 3550 OEdipodae
265 3458 399 3526 confusa
413 3457 551 3526 domus:
570 3456 704 3549 quando
721 3454 804 3525 Itala
823 3457 970 3525 nondum

71 3575 189 3666 Signa,
209 3598 269 3642 nec
289 3576 425 3644 Arctoos
444 3578 550 3673 ausim
567 3599 698 3669 sperare
716 3577 918 3669 triumphos,

71 3691 188 3783 Bisque
202 3693 281 3785 jugo
299 3692 471 3779 Rhenum,
491 3695 541 3764 bis
562 3695 714 3763 adactum
731 3690 857 3787 legibus
874 3697 1017 3777 Istrum,

69 3811 114 3877 Et
130 3810 301 3901 conjurato
322 3809 464 3900 dejectos
480 3816 601 3881 uertice
617 3818 743 3883 Dacos:

68 3930 137 3996 Aut
156 3925 286 3996 defensa
306 3927 398 4020 prius
416 3928 470 3994 vix
486 3931 739 4022 pubescentibus
757 3935 852 4000 annis

73 4043 159 4113 llella
175 4046 272 4114 lovis.
293 4048 409 4139 Tuque
427 4071 448 4114 o
466 4051 565 4117 Latioe
581 4048 679 4119 decus
698 4049 809 4117 addite
828 4050 937 4134 famae,
