2812 5258
194 481 308 545 (sess.)
518 477 733 535 rueramus
757 478 866 534 steen
887 480 921 533 x.
1186 482 1239 557 ιφ

194 610 245 676 Τυ
262 608 355 701 prior
374 632 382 673 :
402 606 571 675 exanimes
588 601 932 675 circumcumulantur
946 609 1067 675 acervi.

193 732 303 796 Omne
318 726 411 795 sedet
426 723 527 795 telum
545 752 554 795 ε
574 725 658 795 nulli
676 727 746 795 sine
762 725 907 796 caedibus
925 728 1020 796 ictus.

194 847 346 918 Necdum
364 846 480 916 aderat
497 848 604 937 virtus
623 873 632 916 ε
648 868 717 919 non
734 872 844 936 meus,
863 872 931 917 non
947 848 1063 918 dextra
1082 853 1239 942 quiescit,

194 970 270 1038 Non
285 966 382 1037 avida
400 992 494 1038 arma
512 982 648 1056 vacant,
666 969 736 1062 lpas
752 969 898 1037 insanire
914 968 1045 1038 videtur

193 1090 320 1183 Sphinx
335 1088 435 1185 galeae
450 1104 579 1175 custos,
594 1089 731 1182 visoque
746 1091 890 1158 animata
906 1115 1025 1159 cruore

191 1211 322 1278 Emicat
338 1209 486 1304 effigies,
504 1223 538 1280 et
556 1232 671 1303 sparsa
688 1208 853 1280 orichalca
871 1211 1046 1294 renident3

147 1346 151 1353 '
189 1333 305 1420 Quum
326 1335 400 1401 Dea
418 1333 598 1425 pugnantis
619 1330 791 1428 capulum,
810 1331 1030 1426 dextramque
1049 1339 1207 1430 repressit
1228 1363 1236 1404 :

241 1480 257 1514 κ
275 1452 491 1547 Magnanime
507 1476 528 1520 o
543 1452 695 1546 juvenis,
713 1478 781 1545 quo
799 1479 867 1522 non
884 1457 1057 1549 agnoverit
1077 1454 1180 1525 ullum
1227 1480 1230 1486 ·

192 1573 323 1641 Certius
339 1571 496 1640 armifero
509 1571 630 1647 Cadmi
647 1572 828 1645 desemine
844 1576 1002 1661 Mavors,

189 1693 322 1784 Linque
338 1691 481 1763 humiles
500 1717 648 1788 pugnas,
665 1719 733 1763 uon
751 1696 821 1765 haec
839 1696 899 1765 tibi
920 1697 1032 1767 debita
1051 1698 1157 1766 virtus
1176 1725 1183 1765 :

191 1817 288 1883 Astra
304 1796 444 1899 vocant,
462 1813 614 1907 coeloque
635 1817 798 1901 animam,
818 1816 893 1912 plus
911 1820 1066 1913 concipe,
1083 1821 1204 1888 mittes.

189 1932 392 2004 iamdudum
407 1935 473 2004 hoc
486 1933 611 2004 hilares
631 1937 762 2030 genitor
775 1936 961 2007 bacchatur
974 1937 1016 2006 ad
1032 1964 1120 2024 aras,

191 2058 264 2123 Hoc
276 2056 390 2149 ignes,
410 2054 568 2150 fibraeque
587 2053 722 2143 volunt,
743 2057 808 2125 hoc
829 2073 927 2152 urget
938 2057 1069 2151 Apollo.

188 2175 402 2270 Terrigenam
424 2190 546 2245 cuncto
565 2176 680 2269 patriae
699 2202 762 2271 pro
782 2179 944 2273 sanguine
962 2195 1113 2272 poscunt.

188 2302 289 2365 Fama
306 2298 397 2366 canit
415 2298 583 2367 monitus:
605 2296 727 2392 gaudet
744 2296 900 2369 Cadmeia
924 2297 1035 2393 plebes

187 2420 285 2487 Certa
302 2419 379 2487 tuis
398 2443 479 2513 rape
496 2432 607 2487 mente
626 2420 729 2504 Deos,
751 2443 832 2514 rape
851 2419 963 2489 nobile
984 2420 1099 2490 fatum.

186 2542 221 2627 1,
239 2564 374 2633 precor,
392 2538 557 2628 accelero,
576 2565 619 2610 ne
638 2542 812 2635 proximus
833 2558 976 2636 occupet
994 2546 1144 2611 Haemon.
1165 2574 1179 2604 s

234 2661 289 2729 Sic
307 2661 371 2745 ait,
389 2674 422 2729 et
443 2662 768 2754 magnacuuetantis
786 2676 923 2754 pectora
944 2660 1062 2729 dextra

187 2780 365 2851 Permulsit
384 2782 497 2866 tacite,
516 2803 655 2871 seseque
674 2781 707 2847 in
727 2779 828 2849 corde
847 2775 993 2872 reliquit.

186 2901 347 2972 Fulminis
364 2901 455 2971 haud
473 2902 571 2970 citius
591 2898 692 2967 radiis
711 2896 823 2967 afflata
841 2923 1018 2994 cupressus

184 3023 358 3092 Combibit
374 3022 509 3092 infestas
530 3037 563 3091 et
578 3023 682 3114 stirpe
700 3034 734 3089 et
752 3021 876 3090 vertice
894 3020 1062 3103 flammas,

185 3146 296 3233 Quam
311 3143 442 3238 juvenis
462 3141 569 3212 multo
590 3164 758 3236 possessus
778 3142 917 3211 numine
933 3156 1048 3235 pectus

185 3268 301 3334 Erexit
320 3288 455 3351 sensus,
475 3260 598 3356 letique
618 3263 739 3332 invasit
758 3286 915 3331 amorem.

185 3389 233 3457 Ut
248 3412 326 3456 vero
342 3408 465 3455 aversae
481 3407 699 3478 gressumue
714 3382 933 3475 hahitumque
951 3385 1097 3479 notavit,

185 3509 228 3574 Et
245 3506 387 3575 subitam
410 3531 430 3574 a
450 3505 547 3575 terris
564 3505 600 3573 in
619 3502 735 3572 nubila
752 3527 900 3572 cresccre
917 3505 1052 3591 Manto,

186 3624 379 3718 Obstupuit.
398 3656 415 3692 α
433 3629 628 3721 Sequimur,
646 3626 771 3695 Divum
791 3648 997 3718 quaecunque
1018 3626 1158 3712 vocasti,

187 3747 259 3816 Nee
277 3745 370 3815 tarde
387 3771 561 3841 paremus,
582 3774 599 3813 r
619 3747 666 3816 ait
685 3773 692 3815 :
708 3745 912 3840 jamjamque
929 3744 1100 3833 recedens,

185 3872 371 3937 instantem
391 3864 479 3936 vallo
496 3864 628 3960 Pylium
646 3881 757 3935 tamen
778 3870 888 3960 Agrea
906 3867 988 3935 fixit.

189 3989 355 4085 Armigeri
371 3986 492 4057 fessum
513 3987 792 4081 excipiunt3-tum
810 3986 931 4080 vulgus
951 4002 1086 4056 euntem

186 4113 365 4179 Auctorem
386 4109 493 4205 pacis,
515 4121 784 4200 servatoremque
801 4110 975 4199 Deumque

1009 4251 1016 4293 ι
1028 4225 1058 4296 3.
