2812 5258
311 437 346 501 rt
635 429 846 487 amamus
866 431 974 487 trusa
995 430 1045 484 vr.
1226 426 1260 492 (v.
1272 429 1343 494 saa.)

309 557 490 627 Centauros
507 556 605 627 habet
623 568 693 623 arte
712 569 837 642 truces,
856 576 1041 646 aurumque
1058 552 1172 645 liguris

310 675 491 744 Terribile:
511 675 565 743 hic
583 675 685 742 mixta
704 673 921 766 Lapitharum
940 671 1028 740 caede
1045 684 1198 738 rotantur

310 796 411 882 Saxa,
433 793 535 881 laces,
555 792 678 886 aliique
693 795 811 861 iterum
830 782 989 879 craterem
1008 792 1130 883 ubique

309 917 460 1008 Ingentes
475 915 675 982 morientum
692 915 749 981 iroe
766 938 774 980 :
793 927 885 981 tenet
900 914 971 1006 ipse
988 911 1149 979 furentem

309 1031 471 1126 Hylaeum,
490 1048 524 1101 et
541 1046 628 1102 torta
644 1031 781 1101 molitur
797 1026 921 1100 robora
939 1031 1052 1100 barba.

357 1154 399 1221 ht
416 1153 475 1220 tibi
494 1154 639 1221 Maenio
657 1150 761 1220 fertur
777 1152 970 1237 circumflua
989 1150 1091 1219 limbo

309 1275 374 1341 Pro
393 1272 534 1359 meritis,
552 1271 702 1359 Admeto,
722 1270 886 1365 chlamys,
907 1273 1109 1365 repetitaque
1126 1270 1231 1339 multo

309 1393 450 1462 Murice.
469 1391 610 1486 Phryxci
628 1406 721 1459 natat
737 1391 792 1459 hic
808 1405 994 1460 contemtor
1012 1391 1160 1485 ephebus

312 1513 482 1605 AEquoris,
502 1525 535 1577 et
552 1511 641 1604 picta
659 1508 841 1577 translucet
858 1508 996 1578 caerulus
1013 1508 1126 1578 unda:

308 1634 348 1699 In
366 1629 451 1699 latus
471 1628 519 1695 ire
535 1651 671 1714 manus,
688 1641 941 1720 mutaturusque
961 1627 1092 1696 videtur

311 1749 468 1835 Brachia,
489 1756 551 1815 neo
569 1747 694 1816 siccum
710 1769 820 1840 speres
839 1747 873 1814 in
894 1748 1033 1815 stamine
1050 1750 1197 1817 crinem:

313 1872 434 1940 Contra
455 1883 563 1939 autem
580 1868 703 1938 smstra
721 1867 812 1937 sedet
829 1870 927 1937 anxia
940 1883 1033 1938 turre
1050 1890 1205 1964 suprema

310 1996 429 2064 Sestias
448 1993 483 2060 in
502 1988 667 2087 speculis:
685 1990 828 2057 moritur
846 2012 950 2084 prope
965 1992 1117 2063 conscius
1133 1991 1229 2090 ignis.

309 2117 378 2183 Has
394 2113 554 2186 Adrastus
574 2134 653 2204 opes
671 2106 761 2177 dono
781 2110 962 2180 victoribus
982 2109 1032 2180 ire

308 2236 475 2328 Imperat:
495 2249 530 2303 at
546 2256 702 2329 generum
724 2226 849 2297 famula
865 2228 991 2298 solatur
1009 2230 1136 2300 Achaea.

357 2349 522 2420 Sollicitat
536 2365 617 2419 tunc
635 2343 747 2440 ampla
762 2348 852 2414 viros
871 2345 915 2414 ad
933 2349 1067 2439 prumia
1085 2371 1183 2417 cursu

311 2467 502 2541 Praeceleres
520 2491 529 2538 t
549 2466 635 2563 agile
651 2463 817 2550 studium,
835 2480 868 2532 et
884 2466 1075 2534 tenuissima
1091 2468 1211 2552 virtus,

309 2592 402 2661 Pacis
419 2612 517 2685 opus,
537 2610 640 2683 quum
657 2610 751 2656 sacra
772 2598 909 2669 vocant3
928 2608 989 2653 uec
1007 2584 1122 2654 inutile
1139 2584 1232 2653 bellis

311 2708 522 2797 Subsidium,
539 2709 567 2778 si
582 2707 700 2777 dextra
717 2722 823 2803 neget
847 2706 944 2775 Prior
959 2706 1112 2775 omnibus
1130 2706 1222 2796 Idas,

312 2833 428 2924 Nuper
444 2827 646 2923 Olympiacis
663 2829 836 2898 umbratus
853 2843 1003 2923 tempora
1020 2827 1138 2915 ramis,

310 2948 445 3019 Prosilit
462 2973 471 3016 τ
487 2950 658 3042 excipiunt
674 2948 791 3043 plausu
809 2951 913 3017 Pisoea
925 2949 1082 3041 juventus

311 3068 463 3160 Eleaque
481 3090 621 3136 manus:
637 3070 787 3160 sequitur
802 3068 975 3159 Sicyonius
994 3066 1117 3151 Alcon3

311 3190 355 3256 Et
369 3185 419 3253 bis
440 3187 475 3253 in
493 3186 669 3254 Isthmiaca
687 3188 796 3254 victor
809 3184 969 3254 clamatus
989 3209 1089 3254 arena

310 3309 515 3399 Phaedimus,
535 3312 768 3407 alipedumque
787 3313 900 3407 fugam
921 3333 1117 3405 praegressus
1134 3329 1296 3406 equorum

312 3434 398 3497 Ante
414 3432 555 3522 Dymas,
578 3430 635 3499 sed
652 3446 732 3500 tunc
749 3455 819 3500 aevo
836 3431 988 3501 tardante
1005 3448 1147 3501 secutus.

311 3546 410 3615 Multi
428 3562 478 3631 et,
497 3573 579 3641 quos
599 3551 682 3618 varii
699 3561 785 3618 tacet
803 3552 993 3645 ignorantia
1011 3550 1120 3646 vulgi,

313 3666 400 3734 Hinc
419 3679 518 3759 atque
534 3667 614 3736 hinc
631 3668 772 3738 subiere.
791 3668 857 3738 Sed
875 3668 1004 3740 Arcada
1023 3669 1297 3761 Parthenopaeum

312 3784 506 3880 Appellaut,
526 3786 684 3882 densique
702 3792 792 3858 cient
808 3814 890 3884 vaga
908 3815 1079 3859 murmura
1097 3791 1188 3857 circi.

312 3904 402 3973 Nota
415 3930 533 3998 parens
553 3932 653 3977 cursu
673 3937 682 3978 ε
701 3913 775 4003 quis
793 3910 954 3982 Maenaliae
974 3908 1144 3978 Atalantes

314 4023 447 4093 Nesciat
462 4029 630 4123 egregium
648 4031 765 4120 decus,
783 4046 816 4099 et
834 4032 968 4124 vestigia
987 4031 1117 4098 cunctis
