2812 5258
352 428 392 481 ΙΝ
415 429 445 482 P.
468 430 498 481 P.
520 425 644 480 sTu‘rss
665 425 771 479 THEB.
794 425 864 480 LlB.
885 428 936 481 lx.
1105 427 1164 499 327

173 547 318 599 Planctu...
332 543 414 597 inani
427 541 463 616 (v.
486 537 561 615 599).
581 541 620 594 Ut
636 538 664 592 in
680 540 798 592 somnio.
814 541 901 614 Seqq.
916 541 1038 612 explicat
1051 543 1140 600 Gloss.
1157 564 1164 597 :

131 663 143 684 ο
155 637 291 692 Somnum
306 631 382 688 oculi
397 631 559 707 evigilantes
573 629 784 702 abruperunt.»

169 728 356 799 Aminumque
370 725 489 796 innupta
507 720 545 798 (v.
561 717 637 795 616).
654 723 708 776 ΜΒ
726 721 811 776 etalii
824 723 915 777 boui:
934 725 1144 799 nauiumque.»

173 823 241 875 Tela
253 837 329 893 puer
346 814 384 895 (v.
404 814 482 892 621).
501 814 653 869 Pulcluum
672 812 718 868 hic
734 813 908 888 asyndeton,
927 816 1008 889 quod
1026 818 1167 874 removeri

130 932 191 969 non
205 913 326 969 debebat
350 929 365 966 a
388 908 489 965 Markl.
510 909 551 962 ad
562 907 646 972 Silo,
662 924 711 975 111,
736 924 767 975 ι,
790 905 859 976 160,
878 907 1048 984 corrigendo
1069 911 1166 966 «tela-

130 1024 183 1080 que
194 1025 250 1079 per
261 1007 411 1076 lacrymas.
429 1025 441 1049 u
462 1001 497 1054 ln
510 999 581 1072 neg.
603 1016 614 1052 1
632 996 773 1052 omittitur
789 997 835 1053 hic
850 1018 955 1056 versus.

168 1097 347 1151 Labdacidos
361 1093 398 1168 (v.
409 1089 488 1165 650).
502 1087 690 1145 scribendum
704 1107 768 1143 cum
784 1091 879 1145 Barth.
894 1103 922 1147 et
935 1095 1024 1149 Gron.
1038 1111 1074 1148 ex
1088 1093 1165 1167 opti·

129 1189 180 1244 mis
198 1187 301 1258 codd,
315 1186 400 1242 etiam
417 1184 507 1256 chg.
523 1191 551 1236 et
563 1181 642 1235 Luct.
650 1221 659 1250 ,
673 1181 846 1236 labdacios.

169 1293 249 1347 Colla
266 1292 366 1345 sedent
379 1284 417 1361 (v.
432 1284 511 1356 687).
526 1285 689 1340 Lactantius
702 1286 851 1358 conjunxit
865 1289 941 1346 colla
953 1290 1054 1345 sedent
1065 1290 1148 1345 nodis
1155 1329 1165 1356 ,

128 1383 293 1456 explicans«
303 1381 387 1453 plena
399 1387 463 1432 sunt
478 1375 643 1431 musculis.»
658 1377 714 1433 Sed
728 1378 827 1434 melius
841 1380 1000 1453 vulgatum
1015 1381 1096 1453 capio
1111 1399 1165 1437 uu-

129 1486 185 1530 tem
207 1493 263 1547 pro
286 1472 404 1528 demissa
428 1480 508 1539 sunt,
535 1480 567 1523 ut
589 1470 618 1523 in
641 1471 723 1545 equis
741 1472 930 1527 currentibus.
952 1473 1006 1528 Cui
1024 1476 1166 1532 contraria

128 1576 242 1623 nonest
260 1564 440 1640 sequentium
455 1562 596 1636 expositio
611 1581 657 1636 ap.
681 1565 758 1620 Lact.
781 1585 787 1619 :
808 1583 906 1640 «pexa
919 1575 948 1620 et
967 1566 1084 1623 collecta
1096 1567 1166 1638 juba

128 1659 158 1714 in
178 1658 286 1714 cervice
304 1657 373 1731 equi
390 1656 508 1714 sedebat
527 1666 663 1712 ornata.»
683 1656 744 1712 Nisi
765 1658 898 1731 praeleras
912 1658 1017 1714 Barthii
1038 1660 1165 1732 explice-

129 1751 234 1807 tionem
251 1771 258 1805 :
270 1750 342 1822 juba
360 1749 458 1823 equini
477 1747 542 1805 colli
556 1748 640 1804 nodis
659 1748 801 1821 implicata
815 1750 996 1826 implensque
1009 1749 1120 1829 (sedit),
1131 1770 1166 1807 ne

128 1853 224 1915 posset
235 1861 317 1899 cursu
336 1841 447 1916 erigiet
461 1840 607 1897 hincinde
621 1838 766 1896 fluctuare.
788 1843 835 1900 Ad
854 1862 934 1917 seqq.
953 1844 1026 1900 benc
1047 1861 1167 1917 compa-

129 1945 193 1991 rent
210 1935 334 1991 editores
347 1932 466 1990 Parisini
480 1934 751 2005 Calpum.Ecl.v1‚
767 1931 803 1999 43
822 1954 829 1987 ;
893 1946 897 1956 ·

342 2154 346 2164 .
365 2154 370 2164 ,
388 2153 393 2163 .
411 2153 416 2164 .
432 2116 561 2182 Rutiloque
576 2114 674 2165 mundis
689 2125 773 2181 torque

236 2204 347 2250 Extrema
362 2199 453 2249 cervice
468 2208 551 2250 nutent
566 2218 572 2246 ε
589 2198 631 2248 uhi
646 2199 763 2265 pendulus
778 2197 832 2267 apri

236 2287 300 2334 Duu
315 2283 380 2334 sedet
394 2293 420 2333 et
434 2283 503 2333 niven
520 2283 644 2348 distinguit
658 2292 755 2348 pectore
769 2283 833 2334 lune.

168 2461 252 2513 Juvat
275 2478 364 2514 auno
382 2477 473 2513 morsu
496 2456 533 2533 (v.
551 2456 629 2533 694).
645 2460 718 2513 Vera
739 2459 823 2513 lectio
838 2456 970 2512 codicum
993 2476 1067 2532 quos
1082 2457 1168 2513 novi·

128 2570 203 2621 mns;
221 2552 335 2626 ignotus
347 2549 457 2606 Schotti
471 2550 501 2605 in
521 2550 601 2605 Obss.
621 2551 719 2617 Hom„
735 2569 777 2621 u,
791 2568 842 2624 29,
858 2560 887 2605 et
907 2550 1168 2607 Pirckhcmerianus

128 2642 268 2698 Gronovii
285 2662 292 2696 :
314 2643 410 2716 «liga
423 2659 501 2710 aun,
513 2664 525 2688 ιι
540 2659 576 2696 ex
596 2640 646 2695 int.
662 2672 701 2683 -
714 2642 748 2695 lu
762 2641 891 2695 versibus
907 2653 973 2713 post
992 2642 1049 2714 696
1069 2641 1167 2696 infini-

129 2733 180 2787 tivi
197 2733 323 2807 pendent
340 2734 376 2789 ab
390 2733 492 2787 hilaris
510 2732 539 2786 in
559 2751 584 2785 v.
600 2730 668 2804 698.
689 2731 804 2786 Catenoe
818 2741 911 2785 autem
925 2743 990 2786 sunt
1003 2732 1056 2788 illae
1071 2758 1082 2781 «ι
1104 2751 1168 2808 quae

132 2836 243 2896 aparte
256 2826 341 2899 galeae
359 2824 561 2881 descendentes
581 2821 617 2877 ab
632 2820 690 2875 ictu
708 2823 780 2876 colla
800 2820 923 2878 sedentis
938 2821 1106 2884 defendunt,
1122 2850 1134 2872 υ

1007 2917 1105 2972 Gnoss.

171 3008 324 3080 Rodiisquc
340 3009 476 3062 micantes
495 3007 533 3083 (v.
557 3007 632 3080 701).
657 3006 793 3060 Nonnulli
814 3005 896 3074 libri,
918 3007 948 3061 in
969 3008 1075 3081 quibus
1096 3009 1168 3079 ΜΒ,

135 3119 146 3154 ι
160 3100 277 3168 Βειιοῑ.,
295 3100 429 3167 Cantab.,
448 3101 568 3174 chgg.
583 3119 589 3152 :
607 3111 761 3153 trementes.
781 3131 820 3140 -
834 3100 899 3172 Seq.
917 3120 944 3154 v.
961 3103 1014 3155 ΜΒ
1030 3121 1036 3155 :
1051 3127 1062 3151 ιι
1079 3105 1168 3158 Dulce

131 3191 221 3246 nitent
234 3190 327 3260 oculi,
345 3201 389 3258 et,
403 3209 488 3263 quam
503 3189 617 3258 dolet‚·›
632 3201 785 3263 utrumque
799 3191 890 3263 pejus.

174 3285 341 3356 Pmperasti
352 3285 394 3337 ad
401 3283 510 3357 proclia
524 3280 560 3357 (v.
577 3280 653 3359 715).
668 3284 735 3357 Reg.
760 3301 770 3336 1
794 3302 800 3335 :
816 3281 864 3337 «iu
879 3284 986 3356 proelia.
999 3308 1009 3331 υ

176 3389 231 3442 Vic
246 3400 314 3443 tutoe
334 3390 395 3442 sinc
412 3400 503 3443 mam
519 3387 578 3441 vste
600 3385 638 3463 (v.
656 3385 732 3462 720).
751 3388 805 3442 ΜΒ
825 3406 832 3440 ε
851 3408 936 3442 «cum
956 3399 1082 3456 πωπω
1101 3390 1167 3446 lont.

133 3500 206 3537 vere.

176 3574 296 3645 Cotyton
310 3573 373 3628 telis
392 3569 431 3649 (v.
447 3569 524 3648 730).
541 3572 678 3645 «Cocytos
697 3572 777 3626 theca
797 3589 879 3628 arcus
894 3571 981 3627 solius
995 3570 1108 3640 dicitur,
1126 3572 1167 3627 si-

132 3677 180 3720 cut
195 3665 336 3742 pharetra
355 3664 534 3738 sagittarum,
556 3675 586 3720 ct
608 3683 711 3740 sagma
727 3663 814 3734 scuti3
827 3682 904 3720 nunc
919 3682 988 3720 vero
1008 3662 1085 3740 [ergo
1103 3665 1166 3720 cod.

133 3753 207 3832 Pan]
224 3768 337 3828 coryton
354 3774 409 3828 pro
421 3756 553 3829 pharetra
566 3755 670 3828 posuit.
682 3778 693 3805 ι
704 3756 791 3811 Leon.
801 3756 926 3813 -ldem
940 3766 1005 3812 ante
1024 3755 1054 3811 in
1067 3775 1095 3811 v.
1112 3761 1167 3824 γαί.

133 3849 162 3902 in
183 3849 242 3903 MS.
263 3847 349 3902 Paris.
365 3850 491 3914 ululata,
508 3866 568 3902 nou
587 3849 743 3915 ululando,
758 3859 791 3904 ut
806 3849 870 3906 edd.
888 3882 928 3892 —
941 3851 1007 3923 ch.
1020 3868 1045 3903 v.
1064 3851 1132 3922 Reg.
1153 3866 1166 3902 1

133 3951 161 3998 ct
174 3942 224 4009 al,
240 3942 269 3994 in
282 3940 386 4012 quibus
400 3940 459 3994 sinc
470 3940 559 3994 dnbio
573 3940 705 3996 meliores
717 3941 823 3995 Barthii
834 3962 840 3996 :
851 3943 969 4008 decedit,
983 3959 1037 4014 pro
1047 3939 1168 4014 cffugit:

133 4046 161 4088 ct
176 4053 273 4090 verum
286 4031 393 4103 judico.
405 4032 576 4107 Aguoscitur
589 4032 673 4088 etiam
687 4033 869 4089 ascholiastis
882 4032 994 4089 Barthii.
