2812 5258
508 769 702 872 LIBER
736 767 1093 871 SECUNDUS.

298 1451 459 1574 lurnnna
477 1502 590 1596 gelidis
609 1504 697 1570 Maia
713 1515 802 1569 satus
816 1497 918 1592 aliger
935 1499 1057 1566 umbris

298 1628 314 1692 J
318 1648 390 1692 ussa
406 1645 520 1715 gerens
540 1622 650 1713 magni
669 1633 790 1688 remeat
806 1621 894 1687 Jovis
911 1645 918 1684 :
937 1618 1082 1710 undique
1099 1618 1205 1711 pigrre

297 1746 349 1809 lre
364 1754 475 1807 vetant
491 1739 608 1824 nubes,
625 1752 658 1804 et
674 1736 823 1804 turbidus
840 1734 984 1828 implicat
999 1760 1074 1803 aer:

297 1862 367 1929 Nec
384 1859 524 1952 Zephyri
539 1880 675 1949 rapuere
693 1855 847 1949 gradum,
863 1860 919 1924 sed
934 1854 1020 1923 foeda
1033 1853 1159 1924 silentis

297 1983 386 2047 Aura
402 1976 480 2069 poli.
496 1979 574 2068 Styx
591 1973 665 2042 inde
681 1999 799 2042 novem
817 1973 1005 2042 circumflua
1021 1975 1163 2067 campis,

297 2097 382 2162 Hinc
399 2096 527 2187 objecta
545 2094 613 2160 vias
630 2108 813 2161 torrentum
829 2093 977 2161 incendia
997 2090 1145 2160 cludunt

297 2217 386 2281 Pone
401 2236 496 2283 senex
512 2211 638 2305 trepida
655 2210 797 2280 succedit
813 2214 911 2280 Laius
927 2211 1042 2279 umbra
1188 2300 1191 2305 Ι

297 2329 441 2398 Vulnere
459 2330 571 2397 tardus
587 2330 709 2414 adhuc;
730 2328 846 2421 capulo
866 2353 942 2396 nam
960 2330 1081 2423 largius
1096 2328 1147 2399 illi

298 2447 482 2514 Transabiit
499 2461 602 2514 costas
617 2449 763 2538 cognatis
779 2448 897 2516 ictibus
908 2450 993 2515 ensis

296 2566 435 2657 Impius,
452 2579 485 2631 et
503 2564 623 2657 primas
639 2565 811 2632 Furiarum
829 2566 964 2657 pertulit
978 2567 1052 2634 irus.
1136 2636 1140 2643 ,

296 2687 327 2751 It
342 2698 465 2768 tamen,
480 2696 512 2750 et
529 2681 652 2751 medica
667 2682 775 2750 firmat
790 2685 924 2777 vestigia
937 2687 1037 2779 virga.

297 2805 381 2869 Tum
401 2799 524 2868 steriles
544 2799 624 2883 luci,
641 2825 852 2895 possessaque
865 2804 1019 2871 Manibus
1037 2826 1137 2890 arva,

297 2922 340 2985 Et
358 2917 579 3012 ferrugineum
596 2943 711 2987 nemus
728 2918 899 3013 adstupet,
916 2923 1049 3014 ipsaque
1069 2920 1165 2992 tellus

296 3037 439 3104 Miratur
456 3039 598 3128 patuisse
615 3053 702 3106 retro
717 3063 725 3104 ε
739 3064 799 3106 nec
817 3037 914 3106 livida
931 3038 1019 3107 tabes

296 3153 447 3240 Invidiae,
464 3154 583 3224 functis
603 3181 792 3250 quanquam
810 3159 922 3250 etjam
940 3156 1062 3226 lumine
1080 3163 1202 3250 cassis,

296 3271 433 3339 Defuit:
449 3297 533 3341 unus
553 3276 609 3343 ubi
625 3290 700 3343 ante
717 3274 816 3362 alios,
833 3278 887 3343 cui
903 3275 982 3344 laeva
998 3277 1150 3347 voluntas

298 3392 444 3480 Semper,
462 3392 550 3458 etad
568 3395 711 3485 Superos
728 3393 806 3461 hinc
822 3407 872 3459 est
887 3397 994 3486 gravis
1010 3397 1130 3486 exitus,
1144 3401 1210 3466 aevi

295 3505 456 3574 Insultare
472 3505 582 3594 malis,
601 3511 763 3602 rebusque
782 3535 955 3604 aegrescere
973 3512 1074 3582 laetis:

343 3624 476 3710 «Vade,
496 3626 559 3711 ait,
580 3650 600 3692 ο
618 3625 710 3713 felix,
728 3652 941 3721 quoscunque
960 3633 1087 3701 vocaris
1103 3635 1139 3702 in
1161 3660 1261 3729 usus,

296 3747 360 3812 Seu
378 3745 468 3812 Jovis
487 3744 646 3836 imperio,
667 3768 724 3812 seu
746 3747 850 3838 major
869 3748 978 3842 adegit
996 3752 1137 3845 Erinnys

295 3864 348 3930 Ire
365 3861 450 3930 diem
469 3875 604 3947 contra,
621 3887 678 3930 seu
693 3875 724 3930 te
743 3862 860 3934 furiata
879 3868 1029 3938 sacerdos

296 3980 458 4049 Thessalis
476 4005 595 4050 arcano
610 3983 704 4074 jubet
718 3986 878 4079 emigrare
895 3987 1060 4080 sepulcro,
