2812 5258
194 477 228 534 ln
548 471 576 522 P.
599 468 719 522 PUBLII
740 468 861 522 δΤΔΤΙΙ

192 598 270 662 Mox
287 593 342 660 ubi
362 591 512 676 delicias,
528 606 561 660 et
578 593 644 659 rari
662 592 782 683 pignus
799 586 911 657 amici'

191 712 317 796 Sensit,
337 725 369 777 et
387 712 495 778 amissi
512 733 650 803 puerum
668 707 783 776 solatia
800 704 911 793 Blaesi3

191 827 292 896 Tollit
308 828 428 912 humo,
445 851 628 920 magnaque
646 825 725 920 ligat
743 825 883 908 cervice,
902 822 1025 916 diuque

191 950 265 1037 Ipse
283 970 381 1012 manu
400 944 544 1039 gaudens
560 946 672 1029 vehit;
689 958 736 1030 et,
754 968 826 1036 quae
841 965 979 1009 munera
995 940 1105 1011 mollis

191 1057 307 1157 Elysii,
325 1062 449 1131 steriles
465 1087 592 1147 ramos,
610 1076 780 1155 mutasque
796 1060 945 1128 volucres

192 1183 323 1269 Porxit,
339 1196 371 1249 et
385 1182 502 1248 obtuso
520 1179 677 1273 pallentes
695 1181 840 1274 germine
858 1177 969 1262 llores;

190 1302 261 1368 Nec
278 1300 428 1393 prohibet
447 1300 630 1367 meminisse
648 1299 696 1366 tui
714 1322 721 1364 :
740 1296 795 1365 sed
813 1309 952 1388 pectora·
962 1292 1104 1362 blandus

190 1418 322 1504 Miscet,
339 1430 371 1484 et
388 1415 551 1485 alternum
568 1441 671 1510 puero
686 1416 828 1508 partitur
845 1436 1030 1480 amorem.»

238 1536 299 1602 Hic
316 1534 388 1602 finis
405 1549 511 1628 rapto.
532 1536 624 1624 Quin
643 1548 677 1601 tu
690 1535 759 1627 jam
777 1530 913 1599 vulnera
928 1529 1042 1611 sedas,

91 1714 94 1722 .
191 1655 232 1718 Et
251 1649 335 1719 tollis
351 1676 495 1719 mersum
512 1651 601 1720 luctu
620 1650 742 1743 caput?
757 1650 868 1718 omnia
885 1648 1016 1731 functa,

190 1770 256 1836 Aut
272 1770 430 1837 moritura
447 1768 536 1837 vides
554 1795 562 1836 :
580 1769 703 1836 obeunt.
718 1781 913 1858 noctesque,
929 1765 1084 1856 diesque,

189 1888 370 1978 Astraque,
388 1910 449 1954 nec
464 1884 574 1954 solidis
590 1885 722 1979 prodest
739 1909 797 1953 sua
814 1884 966 1952 machina
982 1882 1089 1951 terris.

188 2003 274 2071 Nam
289 2003 447 2096 populos,
465 2002 602 2072 mortale
618 2028 736 2097 genus,
753 2000 920 2095 plebisque
937 1999 1069 2068 eodum
1129 2066 1142 2077 ,

188 2120 271 2206 Quis
288 2119 362 2189 lleat
380 2121 556 2190 interitus?
571 2126 638 2189 Hos
655 2119 755 2206 bella,
772 2120 832 2187 hos
850 2141 981 2210 oequora
998 2132 1143 2210 poscunt
1160 2143 1170 2185 z

188 2239 246 2304 His
264 2262 356 2308 amor
373 2243 485 2325 exitio,
503 2240 594 2308 furor
609 2240 673 2325 his,
690 2253 722 2307 et
739 2224 822 2305 saeva
838 2234 979 2327 cupid03

187 2358 234 2422 Ut
250 2354 360 2423 sileam
376 2358 507 2424 morbos
525 2383 533 2423 ε
552 2358 611 2425 hos
627 2381 687 2422 ora
704 2355 843 2449 rigentia
860 2357 1004 2438 Brumae,

188 2468 265 2537 lllos
282 2471 456 2564 implacido
473 2471 576 2539 letalis
592 2473 695 2539 Sirius
712 2472 796 2563 igni,

187 2592 254 2655 Hos
271 2602 379 2656 manet
396 2589 562 2657 imbrifero
578 2586 702 2681 pallens
719 2593 906 2657 Autumnus
922 2587 1024 2655 hiatu.

187 2705 354 2797 Quicquid
369 2707 491 2775 habent
506 2722 612 2792 ortus,
633 2706 731 2774 linem
750 2708 853 2774 timet.
872 2706 995 2773 Ibimus
1011 2728 1152 2791 omnes,

187 2821 309 2889 Ibimus
326 2849 334 2889 ε
352 2825 517 2893 immensis
533 2848 650 2892 urnam
671 2826 776 2917 quatit
791 2826 906 2892 AEac'us
922 2820 1019 2891 ulnis.

234 2941 292 3007 Ast
310 2939 364 3008 hic
382 2965 480 3032 quem
497 2943 675 3035 gemimus,
693 2940 789 3027 selix,
808 2940 1037 3032 hominesque,
1054 2940 1218 3034 quuq

185 3058 228 3122 Et
242 3054 358 3125 dubios
375 3082 468 3127 casus
483 3073 515 3127 et
531 3082 621 3127 caecae
637 3057 762 3127 lubrica
777 3059 852 3125 vitae

185 3171 322 3265 Effugit,
342 3175 496 3244 immunis
512 3177 569 3245 fati
588 3201 596 3244 ε
616 3201 684 3243 non
701 3174 756 3243 ille
772 3176 914 3268 rogavit,

185 3291 261 3358 Non
278 3291 407 3377 timuit,
423 3296 582 3362 meruitve
596 3295 690 3361 mori.
710 3295 779 3362 Nos
795 3294 891 3361 anxia
908 3291 1035 3385 plebes,

184 3407 252 3474 Nos
269 3410 391 3492 miseri,
408 3410 525 3499 quibus
540 3411 626 3479 unde
642 3411 709 3479 dies
726 3434 893 3502 suprema,
910 3411 985 3503 quis
1001 3413 1063 3478 aevi

184 3524 312 3608 Exitus,
330 3524 508 3608 incertum3
525 3527 643 3617 quibus
659 3529 757 3595 instet
772 3526 896 3596 firlmen
910 3527 953 3595 ab
969 3530 1082 3614 astris,

182 3639 264 3725 Quae
281 3640 382 3706 nubes
399 3639 496 3708 fatale
511 3657 636 3712 sonent.
655 3643 711 3715 Nil
728 3645 865 3713 flecteris
883 3645 970 3714 istis?

182 3754 245 3822 Sed
260 3755 388 3822 flectere
405 3755 514 3825 libens.
532 3759 618 3828 Ades
634 3760 699 3829 hue
714 3762 847 3831 emissus
863 3764 903 3830 ab
920 3776 993 3830 atro

182 3872 329 3954 Limine;
348 3873 401 3938 cui
416 3870 475 3940 soli
492 3891 610 3943 cuncta
626 3880 802 3970 impetrare
819 3878 973 3963 facultas,

181 3988 337 4095 Glaucia;
354 4013 429 4056 nam
447 3990 590 4059 insontes
605 3996 748 4079 animas,
766 4018 827 4062 noe
845 3997 986 4087 portitor
1002 4012 1117 4082 ornet,
