2812 5258
324 453 379 506 a7o
688 430 978 487 ADNOTATIONES

364 550 463 604 Vultus
478 548 530 603 hos
538 566 622 621 usque
634 548 758 620 relinque
773 544 812 622 (v.
826 541 884 621 97).
901 542 1072 617 «Speculum
1084 559 1203 616 quoqne
1216 560 1278 597 nna
1294 560 1362 599 onia

324 640 410 695 comis
423 640 521 695 demus
541 659 551 692 .·
571 656 623 694 nec
642 638 731 693 ullum
752 655 853 692 munus
872 634 979 710 gratini
996 634 1050 690 erit
1065 632 1250 705 AEaoulapio,
1268 632 1364 691 imno

323 731 428 805 gratius
446 731 499 785 erit
517 748 600 785 aurea
618 728 741 803 pyxide,
759 728 845 782 modo
858 737 890 780 tu
904 726 933 781 in
946 726 995 781 illo
1011 724 1080 801 figas
1093 723 1196 793 atim,
1212 734 1245 781 et
1264 725 1361 783 relin-

324 842 395 896 quas
409 822 465 879 illic
484 822 513 876 in
526 832 696 895 perpetuum
709 820 761 875 hoa
775 830 830 874 tam
844 820 993 892 praeciaroa
1010 818 1114 872 vultus.
1123 841 1136 865 n
1152 816 1278 873 Manu..

364 915 468 969 Iliacos
481 908 641 989 (Tithoni),
655 912 803 984 Pyliosque
822 909 889 964 situs
904 907 941 983 (v.
956 903 1030 985 ¹⁰i)·
1045 908 1112 963 linc
1124 924 1161 963 ex
1173 924 1204 977 1,
1219 910 1256 977 1.,
1278 904 1360 963 aad:

549 1132 640 1146 .....
653 1098 691 1144 Τιι
703 1094 787 1144 'stoica
800 1092 882 1158 dignita

428 1179 528 1239 Saenia,
542 1188 567 1229 et
577 1177 676 1228 Euboici
688 1176 854 1228 uanioendere
863 1175 968 1242 pulveris
980 1188 1067 1235 annot,

428 1264 598 1327 animaque
610 1261 679 1321 aitua,

325 1437 438 1495 refinxit
454 1438 554 1494 Markl.
567 1441 641 1493 Ante
654 1455 718 1492 eum
732 1437 830 1502 simul,
850 1434 930 1508 quod
945 1433 1059 1490 defendi
1077 1445 1154 1490 certe
1168 1446 1298 1508 poterat.

366 1533 457 1587 Canu.
471 1533 505 1584 V.
520 1530 746 1603 Thalumt'sque...
759 1544 891 1601 negasses
904 1522 941 1602 (a.
960 1522 1013 1602 ro).
1029 1525 1156 1582 Verbum
1172 1546 1357 1603 negarem

326 1623 436 1689 dativo,
454 1631 594 1693 utsupra,
609 1640 638 1690 ι,
656 1625 708 1684 tal.
719 1639 726 1673 t
736 1642 748 1668 α
757 1637 823 1674 saxa
835 1616 965 1692 negantia
976 1616 1060 1672 ferro.
1072 1640 1085 1667 υ
1093 1616 1168 1673 Vide
1179 1620 1317 1691 Mam,
1329 1632 1358 1677 ct

325 1711 478 1786 prasertim
492 1714 598 1780 Goon„
611 1729 640 1783 p.
656 1710 713 1784 ²9⁸
730 1728 792 1782 sqq.

365 1804 497 1877 tcaput..
509 1804 614 1875 proeiin
632 1803 707 1859 Circi
721 1799 758 1878 (v.
777 1798 1102 1877 15).BeneWukefield
1119 1799 1158 1856 ad
1171 1802 1310 1875 Latent,
1322 1824 1357 1875 a,

328 1898 398 1970 890,
417 1895 517 1949 rabidi.
531 1898 622 1966 Quem
641 1894 715 1950 vide.

371 1989 426 2042 Ter
435 2005 479 2041 me
492 1986 588 2041 noma
605 1984 642 2063 (v.
661 1983 724 2062 28).
733 1987 789 2041 Ter
800 1984 907 2039 vicerat
922 1984 953 2039 in
965 1982 1116 2040 cacumine
1134 1984 1254 2059 atomo,
1270 1988 1357 2045 viem

328 2089 369 2139 est
386 2079 416 2133 in
429 2078 578 2134 certamine
588 2076 749 2150 capitolino.

365 2185 480 2257 AEgiaie
493 2181 531 2259 (v.
551 2181 613 2260 48).
632 2182 777 2238 Diomedis
789 2183 848 2237 hac
861 2200 944 2251 uxor,
962 2182 1125 2239 Philoctete
1142 2184 1293 2241 uelim
1305 2186 1356 2243 &-

306 2310 311 2319 ·
328 2276 444 2348 quentia
457 2276 481 2331 ci
493 2276 532 2331 ita
545 2275 647 2349 scripta
661 2276 776 2331 inerunt
790 2293 806 2330 a
819 2273 925 2341 Statio,
938 2273 1019 2330 aliter
1034 2272 1156 2349 intelligi
1166 2292 1228 2332 non
1238 2288 1356 2351 ponunt

328 2384 412 2439 quam
429 2366 485 2421 hoc
504 2367 591 2421 modo
614 2368 672 2422 :Et
685 2383 894 2440 quamcumque
907 2364 1004 2433 aliam,
1020 2366 1067 2420 oui
1085 2366 1204 2440 quidem
1224 2378 1352 2445 negatur

328 2468 387 2512 erat
403 2457 483 2529 sequi
497 2458 644 2525 maritum,
660 2457 724 2513 saevi
737 2459 866 2530 planctus
879 2458 908 2512 in
922 2456 1047 2512 furorem
1064 2455 1214 2517 dederunt.
1226 2458 1297 2529 sea,
1311 2476 1349 2514 ae

203 2626 205 2630 ,
327 2549 391 2621 pius
404 2546 509 2616 dicam,
526 2547 608 2601 nimia
622 2545 698 2602 fluxa
711 2547 768 2601 haec
789 2559 817 2604 et
837 2548 896 2603 sine
912 2550 1015 2603 colore.
1030 2548 1193 2605 Gn'onoviua
1201 2548 1351 2605 men

328 2639 448 2711 explicat
465 2638 546 2712 quasi
565 2639 717 2714 integram,
734 2639 860 2695 sedeam
873 2640 903 2693 in
920 2639 963 2695 hia
981 2638 1148 2695 sententium
1157 2636 1277 2709 imit,
1289 2656 1352 2715 qua

327 2731 433 2788 nescias
445 2733 528 2804 plane
543 2732 613 2805 quid
627 2751 692 2808 agua
712 2752 719 2787 :
742 2750 807 2787 nam
821 2733 857 2787 ab
871 2733 1048 2806 reliquorum
1060 2731 1134 2789 aeria
1150 2730 1233 2807 pane
1251 2733 1356 2789 exciu-

328 2822 414 2878 ditur.
429 2826 472 2878 De
484 2824 599 2880 Weberi
618 2822 849 2898 interpretatione
863 2825 943 2881 facile
957 2834 999 2880 est
1009 2824 1152 2897 judicium
1164 2843 1173 2880 t
1185 2846 1203 2875 a
1213 2824 1358 2883 Sututtia

328 2923 371 2969 eat
391 2932 399 2968 ε
416 2916 452 2969 Et
469 2916 599 2986 planctui
618 2932 779 2988 quanquam
794 2911 936 2992 (maxime)
954 2916 1018 2971 atavi
1034 2915 1164 2973 iecerunt
1175 2912 1318 2993 (Egiaiea
1329 2926 1357 2973 et

328 3002 499 3081 Meliboeam)
513 3006 649 3062 Monada.
665 3029 677 3056 a
698 3005 882 3063 Marklandus
901 3008 995 3063 locum
1007 3006 1178 3081 promundat
1190 3030 1205 3059 a
1215 3008 1289 3065 adeo
1301 3010 1358 3065 im·

327 3097 446 3153 maniter
465 3096 661 3171 depravatum,
676 3106 707 3150 ut
720 3094 779 3153 sine
800 3098 905 3154 codicis
918 3099 1035 3171 alicujus
1046 3101 1093 3155 vol
1104 3098 1241 3157 variantia
1255 3098 1358 3157 lactio-

327 3188 371 3243 nis
388 3188 558 3244 adminiculo
576 3187 746 3261 impossibile
759 3189 794 3245 sit
808 3210 872 3245 eum
888 3191 918 3245 in
932 3191 1079 3247 sanitatem
1091 3208 1223 3249 mern
1237 3214 1253 3241 ι
1263 3190 1357 3265 Equi-

329 3278 395 3333 dem
411 3279 510 3333 vitium
527 3298 586 3335 uon
606 3289 662 3333 tam
682 3282 736 3336 alte
751 3282 839 3356 egisse
851 3282 960 3338 radices
973 3282 1116 3353 existimo,
1129 3282 1181 3339 aed
1197 3292 1280 3339 outo
1290 3281 1358 3339 milti

329 3370 431 3425 certius
450 3389 614 3442 persuasum
632 3383 683 3443 est,
703 3372 734 3428 in
752 3393 915 3449 quanquam
935 3375 1021 3430 latere
1040 3392 1145 3429 nomen
1159 3373 1284 3449 aliquod
1302 3374 1358 3431 ue·

329 3462 442 3532 midos,
463 3462 579 3519 sortasse
597 3466 696 3537 Latia,
710 3468 807 3540 quales
826 3483 909 3538 supra
928 3467 1017 3521 verbo
1034 3465 1186 3535 indicavit,
1198 3468 1358 3533 Gnatam

329 3554 520 3624 solummodo,
533 3554 576 3609 uti
598 3556 713 3628 quidem
732 3558 817 3613 hodie
837 3557 955 3630 legitur,
972 3556 1143 3613 mentionem
1164 3556 1357 3629 atabjeoturua

329 3647 397 3717 Ejus
409 3646 529 3701 nominis
549 3646 710 3702 inveniendi
731 3668 826 3704 curum
840 3648 873 3702 iis
893 3648 1055 3717 committo,
1073 3648 1179 3721 quibua
1199 3648 1315 3706 falidua
1330 3648 1358 3703 in

329 3737 419 3792 Statio
440 3736 632 3791 commorandi
654 3738 742 3791 otium
758 3749 807 3794 est.
826 3739 955 3812 Cogitavi
972 3739 1008 3796 de
1026 3737 1180 3795 Laodamia
1196 3738 1359 3807 Protaaiiai,

330 3845 393 3901 qun
406 3845 435 3882 se
455 3826 613 3881 AEmom‘am
631 3825 700 3881 dicit
712 3828 788 3901 apud
805 3829 939 3885 Ovidium
952 3831 983 3885 in
1002 3829 1148 3904 Bpistoiia.
1161 3830 1359 3889 AEMONM

330 3938 389 3975 non
409 3917 491 3974 nimis
509 3920 593 3994 longe
607 3919 686 3974 abest
703 3920 941 3977 aETCAMCAM
954 3922 994 3996 (in
1015 3918 1220 3994 antiquissimis
1242 3921 1361 3979 atiani

331 4011 388 4069 iere
400 4009 579 4088 rotundum),
597 4031 613 4069 c
627 4030 686 4085 quo
699 4021 823 4067 monstro
837 4013 936 4069 elicere
948 4022 1080 4086 poterant
1096 4022 1126 4069 et
1140 4030 1323 4091 qun-aqam.
