2812 5258
283 516 320 584 δή
637 520 666 571 Ρ.
689 516 809 573 runnu
828 515 949 571 smn
1230 529 1261 581 (ι.
1272 528 1317 580 ιι)

283 640 418 732 Quique
436 639 536 706 refert
551 643 693 732 Jungens
712 640 828 706 iterata
846 635 1006 704 vocabula
1026 635 1156 728 perdix;

282 762 325 827 Et
343 781 415 850 quae
434 758 580 826 Bistonio
600 759 749 850 queritur
768 780 861 823 soror
878 755 960 821 orba
976 752 1098 837 cubili3

282 878 378 943 Ferte
398 873 494 942 simul
514 876 669 968 gemitus,
688 887 892 967 cognataque
912 872 1020 940 ducite
1038 872 1177 939 llammis

282 995 428 1077 Funera,
452 1006 484 1059 et
504 993 567 1060 hoc
588 1006 713 1060 cunctae
731 990 952 1059 miserandum
971 989 1127 1057 addiscite
1146 1015 1282 1060 carmen
1301 1019 1310 1059 :

329 1112 490 1180 «Occidit
523 1110 617 1176 aeriae
636 1108 847 1176 celeberrima
866 1108 970 1201 gloria
989 1110 1096 1201 gentis

283 1229 461 1311 Psittacus,
481 1224 536 1294 ille
554 1226 658 1321 plagae
674 1227 787 1295 viridis
805 1240 958 1320 regnator
973 1229 1067 1311 Eoae3

282 1347 392 1433 Quem
411 1370 479 1413 non
496 1360 660 1438 gemmata
681 1344 822 1412 volucris
839 1346 981 1413 Junonia
1000 1344 1105 1413 cauda

281 1465 453 1549 Vincerat,
472 1477 605 1555 aspectu
621 1461 720 1556 gelidi
739 1487 807 1530 non
825 1461 973 1531 Phasidis
992 1460 1072 1547 ales,

281 1583 352 1651 Nec
369 1607 450 1674 quas
472 1583 620 1649 humenti
640 1581 793 1650 Numidae
811 1605 949 1674 rapuere
968 1581 1028 1647 sub
1049 1583 1182 1649 Austro.

280 1697 342 1767 llle
360 1697 518 1766 salutator
536 1723 665 1790 regum,
684 1722 870 1789 nomenque
889 1696 1016 1765 locutus

281 1819 481 1901 Caesareum,
500 1830 533 1884 et
551 1814 678 1909 queruli
698 1815 863 1907 quondam
883 1818 953 1883 vice
971 1815 1101 1884 functus
1118 1818 1215 1886 amici
1238 1845 1246 1886 :

280 1939 380 2006 Nunc
398 1935 537 2002 conviva
556 1933 653 2019 levis,
672 1948 917 2025 monstrataque
935 1933 1070 2002 reddere
1089 1936 1190 2004 verba

280 2056 361 2120 Tam
382 2050 484 2120 facilis
505 2078 512 2118 τ
534 2076 600 2145 quo
619 2066 671 2139 tu,
691 2052 810 2121 Melior
829 2052 960 2137 dilecte,
980 2051 1122 2139 recluso,

280 2172 459 2262 Nunquam
476 2170 564 2238 solus
583 2195 677 2239 eras:
698 2186 732 2239 at
751 2196 819 2239 non
838 2169 997 2264 inglorius
1018 2172 1141 2241 umbris

280 2290 425 2356 Mittitur
444 2315 452 2356 :
474 2291 605 2381 Assyrio
622 2292 746 2358 cineres
765 2289 939 2358 adolentur
958 2314 1109 2377 amomo,

280 2409 322 2474 Et
341 2418 453 2474 tenues
469 2408 615 2475 Arabum
631 2411 791 2501 respirant
811 2411 959 2501 gramina
978 2408 1116 2502 plumae,

280 2525 490 2616 Sicaniosque
505 2548 642 2592 crocos:
664 2527 753 2593 senio
773 2550 834 2593 nec
851 2526 952 2594 fessus
968 2529 1065 2596 inerti

280 2643 413 2712 Scandit
427 2642 580 2711 odoratos
599 2643 736 2711 Phoenix
754 2642 879 2712 felicior
896 2647 996 2739 ignes.
