2812 5258
383 662 459 748 DE
481 663 526 748 P.
550 660 792 751 PAPINIO
810 665 1025 755 STATIO

275 924 591 1031 NOTITIA
631 926 1120 1040 LITTERARIA.

673 1490 726 1556 51.

620 1684 777 1753 VITA*.

228 1911 269 1974 P.
288 1909 457 2001 Papinius
476 1910 606 1977 Statius
624 1924 751 2002 patrem
773 1909 891 1978 habuit
912 1912 1162 2002 grammaticum
1180 1929 1212 1983 et

181 2040 312 2120 poetam
336 2025 592 2117 Neapolitanum
600 2026 642 2113 '‘,
661 2054 758 2119 quem
779 2028 864 2096 luxit
880 2044 1049 2098 mortuum
1075 2032 1110 2098 in
1130 2034 1211 2125 Epi·

181 2142 274 2212 cedio
294 2143 483 2235 superstite,
503 2143 601 2225 Stin,
629 2168 669 2229 r,
689 2143 721 2212 3.
738 2150 813 2237 Ipse
836 2161 933 2213 natus
958 2147 1100 2241 Neapoli
1123 2174 1212 2218 anno

180 2288 212 2356 p.
238 2262 316 2330 Chr.
339 2287 372 2327 n.
399 2258 440 2328 61
468 2256 561 2354 [ante
581 2286 727 2329 mensem
745 2262 882 2353 julium,
906 2262 999 2330 addit
1017 2264 1211 2361 Dodwell.],

179 2380 334 2448 educatus
351 2394 399 2447 est
421 2382 533 2446 Romae
552 2404 591 2447 ac
608 2394 737 2447 mature
755 2381 890 2471 ingenio
909 2382 1059 2473 poetico,
1078 2406 1212 2474 praser-

180 2500 238 2568 tim
260 2501 409 2568 versibus
435 2523 474 2566 ex
498 2500 632 2591 ingenio
658 2498 850 2585 fundendis,
875 2497 1039 2568 inclaruit.
1065 2503 1211 2570 Uxorem

216 2720 229 2747 ‘
246 2725 289 2779 De
302 2721 359 2777 vita
373 2722 452 2777 Statii
469 2741 652 2796 quaecumque
670 2723 734 2778 sciri
747 2733 883 2797 possunt,
898 2722 1012 2795 copiose
1033 2723 1165 2795 exposuit
1181 2723 1211 2779 in

178 2834 322 2889 annosque
336 2814 449 2887 digessit
463 2816 616 2869 Hrunrcus
629 2817 794 2885 Donwssn,
808 2814 837 2868 in
853 2814 928 2869 libro
944 2833 950 2867 :
965 2816 1095 2868 Annales
1112 2815 1209 2871 Vene-
1232 2854 1236 2861 -

171 2909 253 2979 jam,
275 2917 345 2975 etc,
359 2906 481 2975 Oxonii,
504 2906 577 2979 1698
586 2948 594 2975 ,
608 2924 636 2979 p.
659 2906 796 2979 193-306.
815 2908 885 2975 Quae
899 2905 966 2979 quia
978 2903 1128 2961 maximam
1141 2924 1211 2980 par-

178 3010 233 3053 tem
243 3016 278 3053 ex
292 2998 371 3053 Silvis
380 2997 492 3065 hausta,
500 2997 684 3053 Marklandus
693 2997 787 3070 aliqua
800 2998 900 3052 melius
910 2996 1101 3052 constituendi
1112 3009 1211 3055 nactus

177 3102 219 3147 cst
233 3090 416 3145 occasionem.
436 3092 527 3143 Pauca
540 3089 603 3159 illa,
622 3107 684 3162 quae
704 3099 782 3144 extra
800 3088 1006 3144 dubitationem
1023 3088 1117 3161 posita
1129 3100 1211 3162 sunt,

177 3182 301 3238 breviter
317 3180 441 3235 narravit
460 3182 495 3235 G.
509 3181 541 3234 E.
562 3183 727 3249 Wasssus,
741 3180 772 3235 in
787 3180 906 3253 Corpore
921 3191 998 3252 poet.
1013 3181 1062 3233 tat.
1071 3219 1080 3246 ,
1094 3198 1122 3253 p.
1143 3200 1210 3253 mv,

178 3275 260 3346 eujus
278 3274 363 3329 verba
390 3282 489 3326 mutua
513 3271 676 3341 sumsimus,
698 3273 813 3327 mutatis
839 3271 1010 3345 quibusdam
1032 3282 1061 3326 et
1084 3271 1208 3344 adjectis.

179 3365 249 3419 vitae
262 3364 409 3431 Statianae,
423 3382 486 3436 quae
499 3362 529 3417 in
542 3362 625 3417 codd.
641 3373 747 3431 exstat,
760 3373 862 3417 auctor
874 3361 992 3417 Statium
1005 3372 1133 3417 nostrum
1148 3366 1209 3419 To-

179 3456 312 3511 losensem
326 3455 395 3510 dicit
411 3465 438 3509 et
454 3456 613 3523 Surculum,
628 3454 699 3524 sive,
713 3464 745 3508 ut
759 3454 822 3509 cod.
839 3454 941 3522 Paris,
957 3453 1114 3519 Sursulum,
1128 3457 1213 3528 qnasi

181 3566 284 3603 sursum
306 3559 461 3602 canentem.
482 3546 622 3602 Nimirum
639 3546 812 3620 permutavit
830 3555 945 3618 poetam
961 3563 1025 3600 cum
1042 3545 1157 3602 rhetore
1176 3549 1209 3602 1.

182 3638 266 3693 Statio
282 3641 397 3705 Ursulo,
411 3639 509 3711 paullo
523 3637 700 3710 antiquiore,
713 3637 749 3692 de
763 3655 822 3711 quo
835 3636 902 3692 vide
914 3635 1036 3691 Fabricii
1048 3636 1122 3691 But.
1139 3639 1189 3692 lat.
1196 3676 1207 3704 ,

180 3748 222 3797 ιι,
238 3748 262 3785 c.
282 3731 314 3786 16
325 3772 333 3800 ,
346 3740 406 3785 not.
425 3750 452 3797 1,
466 3731 517 3786 ubi
531 3730 615 3786 etiam
628 3729 664 3784 de
678 3728 738 3785 aliis
753 3730 861 3784 Status.

221 3821 249 3849 ··
264 3822 345 3876 Veliae
357 3820 472 3894 quidem
485 3833 582 3878 natum
597 3840 673 3877 anno
686 3820 744 3876 scre
757 3839 793 3876 20
807 3839 835 3894 p.
854 3820 919 3876 Chr.
932 3838 975 3891 n.,
990 3820 1039 3876 sed
1051 3831 1117 3895 post
1128 3820 1207 3875 Nee-

179 3911 240 3984 poli
260 3909 423 3984 degentem,
443 3913 493 3967 ubi
509 3933 533 3970 a.
556 3915 592 3987 39
606 3914 731 3969 scholam
745 3920 900 3985 aperuerat.
917 3911 991 3967 Vide
1002 3922 1105 3985 prater
1121 3912 1206 3965 Don-
1318 3964 1322 3973 ,

180 4021 289 4069 unns„
304 4002 372 4056 Not.
387 4002 423 4056 ad
444 4004 508 4057 Silo.
517 4044 526 4069 ,
541 4024 575 4074 v,
596 4006 627 4075 3,
647 4023 708 4074 1²7.

302 4128 324 4170 Ι.
1076 4114 1087 4144 Ι
