2812 5258
57 379 172 446 aare)
367 379 583 436 rnmnmos
605 379 714 436 tram
737 381 803 436 vu.
1063 401 1099 456 97

58 504 149 576 Talis
166 505 234 580 erit
245 503 351 573 :dites
370 529 532 599 pecorum
552 507 754 575 comitantur
773 508 940 598 Erythra,

59 627 128 717 Qui
146 623 284 712 Scolon,
302 624 507 719 densamque
521 626 611 722 jugis
627 628 782 696 Eteonon
799 627 939 721 iniquis,

56 747 127 836 Qui
147 747 248 816 breve
264 744 342 815 litus
360 744 481 841 Hyles,
500 744 791 840 Atalantaeumque
810 749 944 842 superbi

55 867 224 937 Schoenon
244 866 385 957 habent,
402 869 543 962 notique
563 866 680 938 colunt
698 869 840 963 vestigia
857 869 979 963 campi.

54 988 234 1057 Fraxineas
248 988 381 1059 vibrant
398 989 567 1069 Macetum
585 987 628 1058 de
643 1012 737 1057 more
757 989 908 1076 sarissas,

55 1112 214 1203 Saevaque
235 1108 387 1179 difficiles
404 1109 580 1179 excludere
596 1107 738 1180 vulnera
754 1107 871 1206 peltas.

103 1233 189 1300 Ecce
205 1246 316 1300 autem
335 1229 480 1299 clamore
500 1246 606 1300 ruunt
622 1232 790 1325 Neptunia
809 1231 922 1326 plebes

54 1351 233 1438 Onchesti,
253 1375 336 1443 quos
354 1351 512 1445 pinigeris
527 1349 731 1445 Mycalessos
747 1353 782 1421 in
802 1354 908 1447 agris,

54 1469 289 1564 Palladiusque
307 1469 430 1560 Melas,
446 1475 666 1566 Hecataeaque
685 1474 817 1568 gurgite
832 1475 939 1544 nutrit

55 1594 259 1688 Gargaphye
275 1616 508 1686 :quorumque
528 1592 625 1661 novis
648 1590 816 1663 Haliartos
831 1596 942 1664 aristis

55 1712 203 1799 Invidet,
225 1728 258 1782 et
276 1714 378 1782 nimia
394 1728 465 1783 sata
479 1710 553 1782 laeta
569 1716 761 1807 supervenit
780 1717 894 1786 herba.

54 1833 136 1905 Tela
153 1833 252 1904 rudes
270 1836 398 1921 trunci,
412 1831 514 1928 galeae
532 1858 639 1903 vacua
656 1859 715 1904 ora
733 1834 882 1926 leonum,

55 1956 200 2026 Arborei
217 1956 300 2023 dant
318 1967 412 2022 scuta
429 1954 530 2021 sinus.
552 1957 625 2021 llos
644 1957 731 2050 regis
746 1981 868 2050 egenos

55 2075 225 2169 Amphion
245 2099 288 2144 en
305 2087 420 2144 noster
436 2074 506 2170 a‘git
523 2075 740 2172 (cognoscere
761 2101 921 2171 pronum,

54 2195 208 2290 Virgo),
223 2193 293 2292 lyra
310 2193 439 2290 galeam
458 2210 622 2291 tauroque
637 2195 777 2291 insignis
794 2199 894 2266 avito.

55 2318 166 2388 Macte
182 2319 294 2387 animo
307 2317 465 2411 juvenis:
484 2317 608 2386 medios
621 2331 718 2413 parat
736 2319 786 2387 ire
805 2343 866 2413 per
883 2344 992 2406 enses,

56 2438 220 2531 Nudaque
237 2463 299 2532 pro
312 2438 397 2506 caris
414 2462 582 2531 opponere
598 2454 734 2532 pectora
754 2441 870 2515 muris.

104 2564 173 2631 Vos
191 2560 290 2628 etiam
312 2558 455 2646 nostris,
473 2557 649 2628 Heliconia
668 2562 784 2648 turba,
803 2562 923 2632 venitis

56 2680 187 2752 Addere
203 2680 302 2750 rebus
321 2704 439 2774 opem3
460 2695 580 2772 tuque,
599 2707 620 2749 o
638 2684 829 2770 Permesse,
847 2685 979 2752 canoris

56 2806 119 2892 Et,
139 2801 217 2871 felix
234 2800 361 2892 Olmie,
379 2799 491 2884 vadis,
512 2801 647 2868 armatis
667 2800 822 2869 alumnos

58 2922 226 2993 Bellorum
246 2922 371 2992 resides
390 2919 531 3016 :patriis
551 2920 881 2990 concentibusaudis

57 3041 232 3112 Exsultare
250 3067 383 3137 gregem
406 3067 413 3108 :
432 3038 563 3135 quales,
585 3065 689 3133 quum
707 3038 832 3134 pallida
846 3041 933 3111 cedit

57 3168 199 3249 Bruma,
217 3161 424 3231 renidentem
439 3159 609 3231 deducunt
628 3164 806 3254 Strymona
822 3166 928 3257 cycni.

59 3288 109 3352 Ite
127 3283 271 3371 alacres,
290 3307 469 3375 nunquam.
483 3283 582 3350 vestri
600 3281 784 3351 morientur
802 3283 966 3365 honores,

59 3403 213 3498 Bellaque
234 3418 395 3499 perpetuo
411 3402 647 3476 memorabunt
665 3403 817 3472 carmine
832 3405 947 3473 Musae.
957 3436 974 3470 »

104 3527 265 3615 Dixerat,
285 3543 317 3596 et
338 3521 489 3619 paullum
506 3523 603 3617 ¹virgo
620 3521 776 3591 interfata
792 3521 943 3593 docenti:

56 3645 137 3717 «Illi
157 3660 285 3732 autem,
302 3671 447 3740 quanam
464 3645 655 3739 junguntur
671 3645 801 3739 origine
818 3645 957 3716 fratres?

58 3769 113 3838 Sic
134 3780 225 3835 certe
238 3766 333 3859 paria
348 3765 556 3850 armaviris,
573 3765 620 3833 sic
637 3765 704 3834 exit
724 3767 760 3833 in
778 3789 876 3836 auras

56 3887 204 3960 Cassidis
222 3909 337 3978 aequus
357 3910 440 3980 apex
455 3911 463 3952 ε
480 3884 607 3953 utinam
627 3885 697 3953 haec
715 3885 895 3954 concordia
911 3889 1031 3955 nostris
1043 3887 1051 3955 l
1065 3920 1081 3952 a

105 4011 169 4081 Cui
186 4009 301 4077 senior
318 4005 452 4074 ridensz
469 4009 574 4077 «Non
596 4009 704 4101 prima
721 4031 834 4073 errore
852 4005 984 4075 videndi

201 4154 235 4197 u.
767 4155 771 4164 ·
915 4140 933 4207 7
