2812 5258
297 448 333 485 aa
608 429 822 486 Tuuuamos
843 429 956 484 LIBER
978 430 1026 483 tv.
1225 426 1341 490 (Uist-l

295 555 339 623 Et
352 555 473 650 Stygiis
492 553 658 622 mandabo
675 555 798 622 Deis.»
817 552 987 622 Mulcetur
1006 553 1142 620 honoris

295 676 513 760 Muneribus,
533 675 699 767 tingitque
717 698 837 767 genas3
855 673 977 742 deliine
992 672 1070 741 talia
1088 673 1224 742 reddit:

343 825 360 859 a
374 799 445 864 Cur
462 793 523 861 tibi
543 795 687 862 versanti
708 819 841 880 manes,
859 819 1002 887 aequaeve
1021 794 1195 880 sacerdos,

295 919 416 987 laetus
435 941 496 1009 ego
514 916 678 1010 augurio?
696 917 865 1009 tantisque
882 918 1074 1011 potissimus
1093 917 1218 985 umbris

295 1039 364 1127 Qui
382 1051 524 1106 ventura
543 1035 679 1131 loquar?
696 1041 775 1107 satis
794 1055 843 1108 est
863 1041 1050 1107 meminisse
1065 1040 1228 1130 priorum.

296 1158 464 1226 Nostrane
483 1157 634 1252 preclari
649 1159 814 1254 (pudeat)
833 1159 986 1229 consulta
1001 1175 1139 1255 nepotes
1178 1171 1183 1179 '

296 1277 455 1346 Poscitis?
471 1278 566 1347 illum
584 1278 679 1350 illum
697 1282 798 1350 sacris
814 1281 970 1350 adhibete
987 1280 1139 1366 nefastis,

297 1399 367 1486 Qui
386 1398 461 1468 laeto
479 1400 562 1469 fodit
580 1426 658 1470 ense
677 1418 824 1495 petrem,
841 1405 898 1496 qui
916 1418 1021 1471 semet
1039 1403 1073 1470 in
1091 1417 1184 1469 ortus

297 1521 428 1608 Vertit,
446 1536 479 1588 et
498 1521 645 1616 indignae
659 1525 784 1616 regerit
803 1548 864 1592 sua
881 1525 1022 1616 pignora
1041 1524 1150 1590 matri.

297 1645 341 1710 Et
354 1666 445 1710 nuuc
462 1638 518 1709 ille
532 1645 639 1728 Deos,
650 1646 889 1737 Furiarumque
900 1657 972 1710 atra
989 1642 1106 1736 fatigat

299 1759 468 1850 concilia,
488 1779 523 1831 et
543 1780 675 1838 nostros
695 1780 793 1861 rogat
811 1765 881 1832 haee
899 1765 933 1832 in
950 1761 1067 1857 proelia
1088 1787 1210 1830 manes.

299 1882 401 1971 Quod
421 1883 446 1955 si
466 1883 549 1955 adeo
567 1884 676 1980 placui
693 1886 846 1956 deflenda
864 1887 900 1955 in
921 1900 1075 1978 tempora
1093 1899 1199 1970 uates,

300 2009 417 2078 Dicam
435 2009 605 2101 equidem,
626 2034 695 2101 quo
714 2033 768 2078 me
784 2009 957 2094 Lachesis,
975 2032 1044 2100 quo
1064 2021 1159 2074 torva
1181 2008 1327 2097 Megara

301 2133 416 2222 Usque
435 2132 576 2200 sinunt:
599 2129 726 2198 bellum
747 2131 922 2198 innumero
941 2130 1035 2197 venit
1057 2126 1204 2218 undique
1227 2123 1352 2193 bellum

302 2252 459 2343 Agmine,
481 2255 706 2347 lernaeosque
724 2256 827 2323 trabit
844 2253 953 2321 fatalis
968 2248 1121 2320 alumnos

302 2369 470 2442 Gradivus
490 2370 658 2442 stimulis:
677 2375 738 2441 hos
756 2388 854 2441 terrae
867 2387 1039 2456 monstra,
1056 2370 1233 2462 Deumque

284 2489 384 2577 ,qTela
401 2505 554 2576 manent,
576 2493 775 2585 pulchrique
792 2493 920 2575 obitus,
942 2507 976 2558 et
991 2492 1032 2559 ab
1055 2494 1131 2586 igne
1147 2515 1304 2584 supremo

306 2614 424 2680 Sontes
444 2611 520 2708 lege
534 2637 635 2682 morae
650 2639 658 2680 z
675 2629 766 2682 certa
783 2629 834 2681 est
849 2613 990 2680 victoria
1006 2612 1145 2698 Thebis,

296 2718 358 2802 ''Ne
378 2735 525 2830 trepida,
544 2759 604 2804 nec
623 2760 727 2828 regna
743 2734 837 2804 ferox
858 2758 1037 2830 germanus
1051 2733 1195 2800 habebit.

310 2860 376 2927 Sed
397 2859 507 2945 furiae,
527 2859 768 2952 geminumque
785 2858 897 2941 nefas,
916 2858 1121 2948 miserosque
1142 2879 1200 2947 per
1221 2878 1314 2921 enses

307 2983 392 3073 (Hei
411 2978 514 3072 mibi)
535 2978 680 3048 erudelis
700 2984 812 3048 vincet
829 2993 934 3073 pater.
953 3008 969 3041 »
983 2981 1062 3045 Haec
1078 2977 1136 3045 ubi
1153 2976 1257 3062 fatus,

309 3101 465 3189 Labitur,
487 3113 521 3168 et
540 3101 624 3169 flexa
644 3099 764 3169 dubios
783 3100 924 3193 ambage
943 3097 1088 3189 reliquit.

356 3224 487 3290 Interea
507 3221 650 3317 gelidam
669 3222 833 3306 Nemeen,
854 3233 887 3287 et
904 3221 1036 3287 conscia
1054 3217 1160 3287 laudis
1178 3227 1181 3234 '

309 3339 482 3408 Herculeae
502 3340 652 3428 dumeta,
672 3366 755 3435 vaga
771 3341 903 3435 legione
923 3343 1082 3408 tenebant

310 3459 476 3529 Inachidae
498 3487 506 3527 ε
525 3463 594 3552 jam
613 3461 768 3528 Sidonias
785 3476 936 3530 avertere
956 3463 1103 3556 praedas,

311 3583 482 3666 Sternere,
501 3580 589 3649 ferre
607 3579 725 3649 domos
744 3580 879 3669 ardent,
901 3587 1103 3676 instantque.
1123 3585 1209 3671 Quis
1228 3586 1293 3651 iras

312 3699 473 3788 Flexerit,
492 3701 581 3769 unde
596 3725 712 3786 morae,
735 3703 865 3771 medius
885 3705 960 3797 quis
978 3704 1136 3772 euntibus
1155 3728 1263 3779 error.

312 3824 451 3910 Phoebe,
470 3822 552 3891 doce
573 3849 580 3891 :
604 3848 664 3891 nos
684 3850 759 3894 rara
781 3844 918 3894 manent
938 3826 1074 3895 exordia
1092 3827 1196 3894 famae.

362 3944 531 4013 Marcidus
548 3945 694 4015 edomito
715 3947 839 4017 bellum
859 3948 1021 4017 referebat
1040 3952 1082 4017 ab
1098 3954 1214 4017 Haemo

317 4066 435 4152 Liber3
456 4065 500 4131 ibi
519 4065 691 4135 armiferos
706 4073 846 4162 gemine
860 4077 928 4163 jam
948 4071 1055 4138 sidere
1069 4071 1196 4138 brumae
