2812 5258
54 430 90 493 (v.
104 429 178 492 445.)
386 424 599 480 mammos
621 424 730 480 LIBER
754 426 788 479 V.
1067 418 1102 488 45

106 587 123 618 a
137 556 229 648 Ergo
248 553 368 619 iterum
380 553 511 635 Venus,
531 564 565 617 et
583 552 690 618 tacitis
708 547 810 618 corda
829 572 946 642 aspera
963 547 1104 616 flammis

55 669 281 746 lemniadum
293 683 463 765 pertentat
474 684 568 737 amor
584 695 592 737 :
608 684 687 738 tunc
698 671 793 764 regia
806 671 894 738 luno

55 797 177 878 Arma,
193 791 391 882 habitusque
404 791 531 873 virum,
545 787 756 883 pulchraeque
768 790 910 883 insignia
925 789 1030 882 gentis

57 912 231 982 Mentibus
246 911 406 995 insinuat,
422 910 637 1003 certatimque
651 909 769 978 ordine
783 924 910 978 cunctae

59 1031 256 1125 Hospitibus
276 1044 412 1124 patuere
430 1028 516 1097 fores
535 1055 543 1096 :
565 1043 645 1098 tunc
664 1032 790 1123 primus
808 1031 842 1098 in
860 1030 926 1097 aris

61 1153 169 1247 Ignis,
185 1166 221 1219 et
235 1149 380 1218 infandis
395 1174 517 1218 venere
533 1147 656 1218 oblivia
672 1152 783 1218 curis:
903 1179 905 1183 ·
933 1201 937 1208 -

56 1275 159 1348 ,Tunc
178 1269 301 1364 epulae,
319 1269 463 1360 felixque
475 1271 596 1361 sopor,
616 1282 796 1360 noctesque
811 1270 954 1361 quietae:

63 1395 137 1464 Nec
151 1395 316 1485 Superum
332 1391 403 1458 sine
416 1380 541 1474 mente,
557 1412 649 1476 reor,
663 1387 817 1482 placuere
831 1388 979 1457 fatentes.

51 1478 61 1579 l
116 1511 299 1580 «Forsitan
319 1523 352 1577 et
370 1522 490 1576 nostrae
509 1508 612 1577 fatum
632 1506 817 1578 excusabile
836 1507 941 1604 culpae

64 1634 212 1703 Noscere
227 1652 323 1713 cura,
339 1626 439 1696 duces
455 1652 462 1695 :
477 1630 636 1717 cinerem,
654 1629 822 1724 hrriasque
836 1653 987 1697 meorum

64 1755 200 1837 Testor,
215 1765 253 1818 ut
264 1751 416 1818 externas
429 1773 498 1817 nou
510 1765 626 1843 sponte
640 1767 698 1820 aut·
708 1753 847 1821 crimine
861 1750 960 1820 taedas

65 1872 260 1966 Attigerim3
273 1872 334 1939 scit
347 1893 427 1937 cura
438 1873 561 1957 Deum,
574 1872 633 1939 etsi
646 1870 788 1940 blandus
799 1875 897 1940 Iason

64 1989 266 2083 Virginibus
279 1987 359 2057 dare
371 1987 482 2057 vincla
496 1991 590 2058 novis
605 2016 613 2057 ε
630 2014 689 2059 sua
700 1992 776 2084 jura
792 2006 965 2060 cruentum

67 2108 194 2177 Phasin
212 2108 358 2177 habent:
375 2107 472 2196 alios,
487 2107 621 2195 Colchi,
635 2112 800 2205 generatis
814 2135 952 2179 amores.

119 2232 287 2321 «Jamque
305 2243 404 2298 exuta
425 2227 499 2323 gelu
518 2245 695 2323 tepuerunt
709 2230 817 2300 sidera
834 2230 955 2324 longis>

71 2347 220 2435 Solibus,
236 2363 270 2416 et
283 2347 379 2417 velox
393 2351 427 2417 iu
442 2363 535 2444 terga
547 2342 859 2420 revolviturannus.
904 2379 906 2382 ·

72 2473 143 2540 Jam
164 2493 251 2537 nova
269 2470 459 2563 progenies,
476 2483 657 2565 partusque
676 2473 711 2539 in
728 2486 806 2540 vota
825 2469 942 2558 soluti,

76 2592 118 2658 Et
134 2613 202 2657 non
221 2591 360 2683 speratis
377 2593 519 2658 Lemnos
537 2587 700 2659 clamatur
717 2591 871 2660 alumnis.

74 2710 145 2781 Nec
161 2734 228 2777 non
247 2710 319 2803 ipsa
336 2723 466 2796 tamen,
484 2708 621 2779 thalami
638 2726 854 2780 monumenta
870 2709 994 2793 coacti,

75 2833 195 2900 Enitor
211 2832 380 2924 geminos,
398 2829 550 2922 duroque
566 2831 627 2898 sub
645 2831 776 2923 hospite
791 2844 909 2898 mater

76 2952 207 3021 Nomen
226 2952 279 3019 avi
296 2974 421 3019 renovo
439 2975 447 3017 ε
466 2975 619 3045 necquae
637 2950 771 3019 fortuna
790 2947 912 3017 relictis

76 3072 184 3141 Nosse
202 3069 317 3138 datum
335 3097 343 3137 :
357 3072 427 3164 jam
445 3069 542 3166 plena
559 3084 678 3164 quater
693 3069 921 3164 quinquennia
935 3078 1093 3161 pergunt,

77 3192 113 3262 Si
131 3189 232 3259 modo
248 3189 317 3260 fata
334 3192 465 3278 sinunt,
483 3189 631 3283 aluitque
647 3204 764 3285 rogata
780 3193 928 3283 Lycaste.

127 3340 144 3374 a
156 3313 358 3380 Detumuere
376 3312 479 3379 animi
499 3313 618 3398 maris,
639 3326 673 3380 et
690 3309 882 3380 clementior
897 3312 1017 3378 Auster

78 3428 163 3500 Vela
181 3445 300 3498 vocat:
319 3432 400 3499 ratis
418 3433 490 3525 ipsa
507 3456 635 3501 moram
652 3446 835 3528 portusque
852 3431 981 3525 quietos

78 3548 180 3635 Odit,
199 3564 233 3618 et
249 3553 368 3620 assueti
386 3551 493 3620 tendit
511 3551 693 3622 retinacula
711 3554 790 3621 saxi.

79 3669 163 3740 lude
184 3668 296 3762 fugam
312 3674 455 3766 Minyae,
476 3676 647 3767 sociosque
667 3672 814 3769 appellat
831 3677 928 3742 lason

79 3787 234 3871 Efferus,
253 3812 274 3855 ο
292 3791 419 3859 utinam
433 3793 504 3885 jam
522 3807 593 3862 tum
610 3819 683 3863 mea
701 3792 799 3862 litora
817 3795 914 3862 rectis

80 3909 449 4002 Praetervectusaquis,
467 3914 521 3982 eui
539 3938 607 3982 non
627 3939 686 3983 sua
704 3916 845 4009 pignora
863 3909 976 3995 c'ordi,

79 4026 159 4096 Non
175 4027 339 4121 promissa
351 4027 440 4098 fides
458 4056 465 4097 :
485 4047 573 4102 certe
590 4034 760 4105 stat-fama
778 4033 920 4103 remotis.
