2812 5258
312 846 512 976 sinen
547 841 852 947 nunnus,

503 1257 659 1275 suu-

76 1522 150 1651 Aa·
169 1600 236 1646 non
252 1580 363 1648 Aoniae
380 1579 569 1648 moderator
587 1576 729 1670 perfidus
747 1573 847 1662 aulae,

74 1697 179 1766 Nocte
198 1697 258 1765 sub
275 1699 426 1791 ancipiti,
447 1698 594 1790 quamvis
610 1695 820 1764 humentibus
834 1691 944 1780 astris,

75 1816 209 1908 Longus
228 1814 270 1883 ad
288 1818 450 1883 Auroram
467 1828 595 1909 superet
612 1813 720 1899 labor,
739 1814 808 1881 otia
824 1811 930 1880 somni

79 1933 207 2024 Accipit
226 1957 234 2000 ε
253 1931 425 2026 invigilant
440 1934 548 2000 animo
578 1931 770 2024 scelerisque
791 1931 896 2024 parati

75 2047 278 2143 Supplicium
295 2066 444 2120 exercent
463 2075 548 2120 curae
565 2076 573 2118 ε
590 2066 670 2119 tunc
687 2048 829 2144 plurima
847 2061 954 2117 versat

75 2169 237 2236 Pessimus
256 2171 290 2236 in
311 2169 419 2238 dubiis
438 2193 544 2263 augur
562 2170 684 2237 timor:
706 2168 788 2235 «Hei
810 2162 903 2234 mihi!
922 2163 1057 2248 clamat,

74 2287 172 2357 Unde
187 2286 306 2355 morse?
324 2287 414 2381 (nam
433 2313 536 2382 prona
553 2302 660 2376 ratus,
680 2286 873 2378 facilemque
891 2299 940 2353 tot
956 2285 1055 2353 armis

75 2405 198 2498 Tydea,
218 2431 278 2475 nec
296 2432 432 2476 numero
448 2409 600 2476 virtutem
619 2409 830 2499 animumque
849 2402 1014 2499 rependit)

79 2526 167 2594 Num
184 2527 274 2621 regio
295 2526 420 2594 diversa
439 2527 516 2595 viae?
536 2550 615 2595 num
635 2528 751 2595 missus
770 2526 811 2595 ab
831 2527 927 2620 Argis

77 2644 229 2714 Subsidio
248 2643 381 2740 globus?
400 2670 442 2713 an
460 2645 588 2715 sceleris
605 2645 681 2715 data
700 2646 785 2714 sama
805 2670 864 2738 per
880 2643 977 2712 urbes

76 2763 267 2833 Finitimas?
283 2789 459 2858 paucosne‚
475 2781 570 2859 pater
587 2765 751 2851 Gradive,
770 2787 911 2831 manuve

75 2884 227 2978 Legimus
246 2882 438 2952 indecores?
455 2898 488 2952 at
508 2886 596 2953 enim
612 2883 805 2952 fortissimus
825 2878 891 2949 illic

75 3005 117 3070 Et
136 3002 305 3089 Chromis,
324 3016 356 3071 et
375 3001 528 3096 Dorylas,
546 3016 578 3072 et
597 3003 717 3071 nostris
736 3000 881 3069 turribus
899 2999 982 3093 equi

76 3119 263 3214 Thespiadu
278 3135 364 3192 totos
384 3138 537 3216 raperent
551 3123 632 3190 mihi
651 3121 798 3190 funditus
818 3123 933 3213 Argos.

76 3237 145 3306 Nec
164 3254 271 3309 tamen
291 3240 345 3312 ille
363 3245 464 3330 meis,
481 3267 567 3324 reor,
583 3238 837 3335 impenetrabilis
857 3239 972 3324 armis,

77 3359 152 3424 AEre
168 3382 281 3451 gerens
297 3361 466 3457 solidoque
481 3363 574 3430 datos
592 3361 763 3431 adamante
777 3359 932 3445 lacertos,

76 3478 219 3545 Venerat
239 3478 329 3548 :heu
349 3479 474 3576 segnes!
494 3506 636 3576 quorum
651 3479 745 3549 labor
762 3481 862 3548 haeret
878 3480 912 3546 in
932 3502 1017 3559 uno,

77 3595 112 3663 Si
132 3611 280 3664 conserta
298 3620 422 3668 manus.
433 3630 450 3664 s
463 3603 564 3672 Vario
582 3602 629 3670 sic
644 3598 792 3668 turbidus
807 3613 887 3669 aestu

76 3715 229 3808 ringitur,
244 3739 283 3783 ac
301 3738 370 3784 sese
388 3717 498 3811 culpat
514 3746 612 3814 super
631 3721 763 3807 omnia,
779 3721 836 3813 qui
852 3742 918 3786 non

78 3834 237 3901 Orantem
254 3835 287 3901 iu
306 3832 421 3902 mediis
439 3832 580 3929 legatum
596 3840 732 3908 coetibus
747 3862 824 3906 ense

77 3951 273 4041 perculerit,
293 3952 459 4046 foedasque
476 3952 582 4047 pelam
600 3959 765 4026 satiaverit
782 3958 856 4025 ires.

78 4070 149 4137 lam
170 4070 273 4162 pudet
291 4072 426 4165 incepti,
444 4073 512 4166 jam
528 4076 685 4165 poenitet:
702 4098 741 4143 ac
760 4072 848 4143 velut
863 4070 919 4141 ille
