2812 5258
54 427 149 490 (ms.)
364 422 571 477 TflEBAlDos
590 423 697 476 LIBER
718 424 754 477 11.
1018 421 1072 498 195

53 551 137 616 Heu¹
147 544 257 612 dulces
279 545 384 611 visure
402 541 511 635 polos,
531 542 698 634 solemque
717 543 883 631 relictum,

54 667 98 731 Et
117 662 236 729 virides
255 676 371 747 terras,
390 675 423 728 et
439 685 538 753 puros
557 659 701 727 fontibus
719 686 848 747 amnes;

52 782 193 849 Tristior
207 779 265 846 has
282 781 400 846 iterum
420 793 526 846 tamen
543 781 703 846 intrature
719 779 904 849 tenebras.»

99 897 178 965 Illos
198 911 233 965 ut
253 921 337 964 caeco
354 897 514 963 recubans
533 898 566 962 in
584 895 696 965 limine
713 901 813 967 sensit

54 1016 229 1101 Cerberus,
249 1030 346 1106 atque
364 1038 476 1081 omues
495 1016 639 1107 capitum
659 1019 799 1084 surrexit
813 1017 935 1100 hiatus;

57 1135 166 1202 Saevus
184 1147 218 1200 et
236 1133 373 1199 intranti
394 1131 542 1224 populo:
558 1134 627 1224 jam
646 1134 740 1226 nigra
758 1134 904 1202 tumebat

55 1249 149 1321 Colla
168 1251 295 1336 minax,
311 1251 380 1342 jam
399 1274 509 1342 sparsa
528 1249 598 1319 solo
618 1251 806 1318 turbaverat
821 1275 912 1336 ossa,

56 1370 101 1440 Ni
120 1372 210 1439 Deus
225 1369 412 1438 horrentem
428 1370 560 1437 Lethaeo
576 1370 698 1438 vimine
715 1368 860 1438 mulcens

58 1492 173 1556 Ferrea
189 1490 370 1581 tergemino
390 1487 568 1555 domuisset
584 1485 708 1554 iumina
726 1512 849 1555 somno.

103 1610 161 1675 Est
177 1606 281 1693 locus,
298 1606 440 1675 Inacbiae
457 1604 609 1673 dixerunt
626 1609 762 1673 Taenara
779 1620 906 1698 gentes,

58 1726 135 1813 Qua
153 1722 362 1791 formidatum
375 1721 489 1791 Maleae
508 1725 689 1816 spumantis
706 1727 740 1791 in
758 1747 854 1791 auras

58 1847 90 1911 It
108 1856 224 1933 caput,
243 1855 276 1908 et
291 1839 398 1908 nullos
416 1839 559 1908 admittit
578 1840 721 1909 culmine
736 1844 835 1909 visus.

60 1962 131 2027 Stat
150 1957 296 2026 sublimis
310 1981 407 2048 apex,
425 1971 603 2049 ventosque
621 1959 805 2053 imbresque
824 1982 955 2028 serenus

62 2077 224 2168 Despicit,
243 2088 275 2142 et
293 2088 421 2141 tautum
440 2074 532 2143 fessis
550 2076 703 2145 insiditur
720 2081 822 2145 astris.

61 2194 133 2262 Illic
149 2194 296 2261 exhausti
314 2217 451 2286 posuere
467 2192 587 2261 cubilia
606 2196 717 2262 venti:

61 2311 329 2402 Fulminibusque
349 2313 410 2378 iter
428 2324 476 2378 est
494 2336 501 2376 :
519 2310 664 2379 medium
682 2337 761 2381 cava
779 2311 891 2382 nubila
909 2315 1030 2384 montis

63 2436 268 2524 insumpsere
291 2428 393 2497 latus:
407 2453 551 2497 summos
571 2453 630 2497 nec
648 2436 797 2526 praepetis
810 2432 869 2501 alae

62 2549 196 2618 Plausus
211 2548 279 2617 adit
296 2546 411 2633 colles,
429 2570 490 2614 nec
507 2571 606 2618 rauca
624 2550 768 2618 tonitrua
786 2549 929 2645 pulsant.

62 2670 120 2736 Ast
137 2669 193 2735 ubi
211 2691 314 2760 prona
334 2663 417 2749 dies,
438 2663 552 2760 longos
568 2691 665 2760 super
685 2692 815 2760 aequora
831 2667 912 2734 fines

63 2787 189 2882 Exigit,
209 2801 307 2879 atque
325 2787 440 2878 ingens
455 2784 564 2853 medio
581 2800 673 2853 natat
690 2785 806 2853 umbra
823 2782 996 2876 profundo.

110 2906 270 2975 Interiore
288 2904 362 2970 sinu
387 2901 570 2994 frangentia
589 2900 685 2969 litora
702 2915 818 2969 curvat

65 3029 235 3109 Taenaros,
253 3023 416 3115 expositos
434 3046 501 3088 non
519 3018 624 3087 audax
644 3019 799 3087 scandere
817 3019 944 3088 fluctus.

66 3141 137 3210 Illic
156 3144 262 3234 AEgaeo
279 3143 455 3233 Neptunus
472 3140 601 3231 gurgite
619 3137 717 3206 fessos

65 3261 105 3326 In
125 3272 254 3350 portum
272 3258 405 3326 deducit
420 3280 544 3348 equos:
564 3258 655 3349 prior
673 3257 785 3324 haurit
802 3280 915 3324 arenas

66 3374 218 3467 Ungula;
237 3377 391 3466 postremi
411 3373 582 3443 solvuntur
599 3375 632 3442 in
653 3398 783 3466 aequora
798 3376 911 3469 pisces.

66 3496 158 3577 Hoc,
177 3506 213 3558 ut
228 3490 328 3576 fama,
345 3490 418 3561 loco
436 3491 594 3586 pallentes
613 3492 726 3559 devius
746 3492 876 3560 umbras

66 3613 201 3678 Trames
218 3608 300 3701 agit,
319 3610 470 3701 nigrique
487 3613 576 3679 Joris
592 3634 693 3679 vacua
710 3612 792 3678 atria
808 3610 891 3679 ditat

66 3726 254 3796 Mortibus:
272 3723 401 3795 Arcadii
419 3728 591 3816 perhibent
607 3729 634 3796 si
652 3753 729 3797 vera
744 3727 868 3814 coloni,

67 3845 194 3915 Stridon
210 3847 273 3932 ibi,
294 3859 327 3913 et
344 3845 485 3938 gemitus
501 3870 688 3938 pernarum,
704 3861 840 3940 atroque
854 3851 999 3921 tumultu

68 3968 187 4031 Fervet
203 3987 282 4056 ager
299 3990 307 4031 z
324 3986 409 4055 saepe
426 3965 644 4034 Eumenidum
660 3990 836 4058 vocesque,
852 3990 1048 4061 manusque,

887 4084 942 4153 13.
