2812 5258
398 428 438 481 lN
460 429 489 480 P.
511 429 540 480 P.
562 427 682 481 STATll
706 427 812 480 THEB.
837 429 906 483 ΗΒ.
929 430 1007 484 Vlll.
1165 431 1221 486 323

227 545 356 600 Coroebus
369 541 406 618 (v.
424 539 501 616 549).
517 542 608 598 codd.
628 559 687 595 non
701 541 784 613 pruci
799 563 805 596 :
822 543 983 616 Corymbus.
999 545 1033 599 Et
1048 563 1074 598 v.
1094 563 1152 617 seq.
1163 564 1221 619 po·

185 639 244 693 sitis
261 633 428 714 (dispositis)
444 653 498 708 pro
513 635 672 706 inspectis...
688 636 780 688 astas.

229 729 314 803 Cupit
327 730 375 782 ille
388 740 482 781 tomen
499 724 537 802 (v.
555 723 633 801 552).
651 726 705 779 ΜΒ
721 745 728 778 2
747 749 762 776 α
777 726 818 780 ire
834 737 936 782 tamen.
952 754 964 777 s

231 835 309 904 Tyrii
313 831 423 902 juvenis
437 830 476 908 (v.
493 829 550 887 556
571 829 636 905 sq.).
658 855 670 880 α
687 832 767 886 Licet
783 834 896 905 Cyrrhae
913 834 1070 901 habitaret,
1089 833 1223 887 educatus

186 937 278 980 tamen
298 933 357 978 erat
374 922 494 990 Thebis,
507 923 591 997 regiae
612 922 745 977 videlicet
763 925 863 996 puellae
885 943 1042 998 sponsus.»
1065 926 1163 978 Guoss.
1184 957 1202 963 -

186 1017 282 1070 Paullo
301 1025 365 1087 post
379 1014 531 1087 legendum
545 1025 689 1066 aventatus
711 1032 765 1086 pro
783 1016 904 1081 advers,
921 1016 1027 1070 etiamsi
1046 1015 1115 1068 nulli
1136 1014 1220 1069 codd.

185 1107 334 1175 haberent;
353 1105 403 1160 sed
417 1116 458 1159 est
474 1104 504 1157 in
527 1103 622 1158 multis
644 1114 672 1158 et
695 1105 724 1157 in
742 1114 808 1159 vett.
835 1104 899 1159 edd.
920 1107 1030 1161 Mireris
1049 1107 1167 1160 alterurn
1186 1105 1223 1159 ad

184 1199 355 1254 hodiernum
371 1196 446 1250 diem
460 1196 490 1248 in
505 1195 570 1250 edd.
590 1195 667 1250 ferri.
1191 1257 1193 1260 ¹

224 1296 267 1344 Ac
276 1290 400 1362 prensum
405 1286 514 1358 faciles
531 1298 679 1360 grassatus
694 1285 733 1364 (v.
749 1286 825 1362 571).
842 1290 917 1363 Lege
935 1307 969 1344 ex
984 1291 1037 1346 ΜΒ
1053 1312 1059 1344 ;
1075 1316 1087 1340 a
1099 1290 1223 1362 primum

185 1383 214 1435 in
228 1379 357 1435 faciles.»

227 1469 433 1543 Infrendentem
450 1471 517 1524 als’is
539 1472 667 1546 aliosque
681 1484 840 1545 sequentem
855 1469 894 1547 (v.
912 1470 988 1548 580).
1010 1474 1084 1529 Beue
1104 1475 1195 1530 Gloss.
1216 1494 1223 1528 :

184 1564 269 1618 «llos
283 1563 494 1635 insequentem,
509 1563 558 1638 qui
571 1564 722 1637 propiores
740 1575 833 1633 crant,
848 1563 908 1618 aliis
930 1564 1154 1634 infrendentem,
1173 1566 1223 1639 qui

184 1653 399 1730 longinquiores
413 1665 441 1708 et
455 1673 529 1728 quos
542 1655 681 1729 attingere
695 1674 755 1711 non
768 1666 889 1729 poterat.
908 1680 919 1703 ι»
998 1636 1003 1647 ’

227 1762 328 1815 Van'as
352 1780 388 1817 nr.
410 1778 537 1815 sermone
562 1764 689 1835 querelas
712 1759 750 1838 (v.
781 1761 859 1838 διο).
880 1761 984 1851 Melius
1007 1762 1060 1815 ΜΒ
1090 1772 1117 1815 et
1143 1762 1189 1816 alii
1212 1781 1218 1814 :

183 1872 273 1907 nano.

225 1944 327 1999 Mr‘sen'
341 1944 483 1998 cunctatio
496 1946 558 1998 voti
568 1940 607 2020 (v.
622 1941 703 2020 614).
717 1945 771 1998 ΜΒ
786 1962 793 1997 :
808 1945 886 1998 misti
889 1984 898 2010 ,
913 1961 993 2010 νοτες
1007 1962 1033 1996 v.
1050 1944 1142 1998 Barth.

224 2038 266 2091 Et
277 2048 399 2091 nnncum
413 2034 451 2112 (v.
466 2033 545 2112 620).
567 2035 764 2109 Rejiciendurn
783 2036 858 2093 duco
882 2035 961 2110 quod
981 2036 1103 2106 conjecit
1121 2035 1223 2090 nnrkt.

182 2129 226 2182 ad
240 2129 322 2193 Situ,
338 2148 365 2195 v,
383 2149 412 2197 t,
427 2125 483 2193 245
499 2130 568 2182 :ult
582 2138 616 2182 tr.
632 2138 659 2183 et
674 2125 703 2182 fl.
718 2147 844 2183 murmur
862 2148 868 2182 :
884 2128 979 2183 Verba
994 2136 1126 2200 putant„

145 2224 148 2229 ’
227 2235 385 2289 tructanni
397 2252 479 2288 sensu
499 2231 537 2307 (v.
559 2230 637 2309 627).
655 2234 859 2307 teogintione
878 2232 1096 2289 admitterem.»
1115 2233 1222 2286 Burru.

182 2326 240 2381 Sed
252 2344 320 2381 vera
334 2325 448 2381 videtur
462 2324 602 2397 scriptura
616 2325 646 2379 in
667 2327 721 2380 ΜΒ
735 2336 849 2398 reperta
869 2346 875 2378 :
894 2351 905 2375 s
920 2335 1088 2394 tractarem,
1106 2325 1182 2378 sensi
1199 2336 1226 2378 et

184 2416 223 2492 (p.
237 2418 294 2473 heu
302 2416 322 2494 l)
336 2416 477 2473 connubia
491 2415 559 2474 ridi.
571 2442 583 2465 ι

223 2510 375 2564 Declsnnoe
390 2526 480 2584 genas
495 2504 533 2583 (v.
550 2505 628 2584 554).
644 2531 659 2558 α
669 2507 809 2564 Claudere
824 2509 930 2563 oculos.
943 2532 955 2556 υ
969 2510 1070 2564 Gnoss.
1088 2508 1124 2563 Et
1136 2523 1219 2580 gena·

184 2600 282 2656 itidem
295 2619 350 2675 pro
365 2599 510 2675 palpebris
524 2618 610 2671 supra
623 2617 651 2654 r.
669 2598 742 2666 436,
758 2608 786 2654 et
800 2599 875 2673 apud
889 2600 1011 2654 Ennium
1027 2620 1033 2652 :

288 2779 404 2841 rendre,
418 2780 490 2840 sulti',
504 2793 575 2844 genes
589 2787 613 2827 et
627 2776 700 2826 corde
714 2775 843 2842 relinquite
857 2792 972 2825 murnum.

183 2953 296 3025 -Seq.
311 2972 338 3006 v.
355 2953 420 3008 edd.
440 2963 506 3009 vett.
523 2964 551 3008 et
569 2950 698 3008 codicum
717 2967 790 3005 unus
808 2950 913 3004 alterve
929 2969 936 3002 :
952 2949 981 3002 in
998 2950 1115 3003 onlnem
1123 2944 1220 3018 fudit,

184 3055 297 3100 temere.

225 3136 387 3192 Contentum
401 3136 505 3191 abtim
518 3138 658 3208 Mycenas
676 3132 715 3210 (v.
736 3130 815 3208 671).
830 3134 896 3187 Non
910 3144 1065 3187 contentum
1084 3132 1131 3186 itta
1145 3131 1221 3186 crede

183 3227 390 3303 quinquaginta
411 3226 630 3295 Thebanorum,
655 3227 705 3282 sed
727 3226 844 3282 omnino
867 3225 951 3300 gestis
973 3224 1029 3280 suis
1054 3225 1163 3293 letum,
1189 3233 1222 3277 ut

184 3340 229 3392 xt,
248 3322 284 3377 28
305 3342 311 3375 :

290 3538 295 3548 .
312 3536 318 3549 .
336 3536 342 3548 .
359 3536 364 3547 .
381 3502 414 3549 Ut
430 3515 502 3564 quum
517 3501 618 3566 Mrssylr
633 3517 677 3566 per
691 3517 746 3552 ersa

290 3583 399 3661 Armenti
414 3599 480 3649 reges
496 3599 581 3648 magno
597 3584 634 3632 leo
650 3583 720 3648 lregit
734 3583 814 3635 hirtu-

288 3670 319 3717 tn
332 3676 457 3717 contentus
471 3666 529 3716 ubit.

226 3853 279 3907 Ubi
297 3855 394 3927 ingens
414 3853 452 3927 (v.
468 3849 547 3925 689).
569 3854 643 3906 Bene
666 3852 758 3922 major
775 3870 908 3908 numerus
928 3850 1012 3906 codd.
1035 3849 1193 3921 meliorque
1211 3865 1219 3901 s

183 3946 256 3999 «Ibi
266 3945 379 4019 ingens,
394 3968 405 3991 n
419 3955 484 3998 ante
499 3962 562 4016 quae
575 3944 660 3999 verbs
675 3945 758 4016 plene
772 3943 1009 4017 distinguendum.

225 4037 353 4093 Arcesab
366 4054 509 4109 apprenso
525 4032 563 4112 (v.
585 4033 663 4111 693).
683 4037 737 4090 ΜΒ
752 4046 779 4089 et
799 4037 834 4089 al.
849 4054 856 4089 ι
872 4036 1016 4105 impresso.

1065 4157 1116 4202 21.
