2812 5258
320 505 375 562 ²9²
686 477 978 536 ADNOTATIONES

362 601 460 659 Gelido
485 600 596 675 spargit
615 599 747 652 misemta
763 595 888 668 flagello
910 589 947 669 (r.
974 589 1028 661 ιο).
1049 589 1115 645 Non
1138 588 1261 645 offendo
1290 610 1363 648 cum

321 693 421 750 Markl.
442 692 472 745 in
490 691 632 749 locutione
650 701 759 763 questus
780 702 916 759 spargere
928 683 1068 757 flagello,
1088 682 1243 753 presertim
1261 702 1360 757 quum

321 784 394 840 roris
412 782 541 837 matutini
560 781 655 854 aliqua
674 779 720 834 hic
740 777 882 848 injiciatur
902 774 990 829 notio.
1012 773 1058 829 Sic
1073 772 1212 827 Orellium
1233 791 1363 848 quoque

320 874 458 946 judicasse
471 873 563 928 video.
584 901 625 913 -
641 871 778 924 Miserum
792 867 923 940 exprimit
937 885 944 919 :
962 875 1036 920 tanta
1048 874 1088 917 est
1100 863 1212 919 miseria
1224 882 1309 933 mea,
1326 877 1363 921 ut

322 967 367 1021 vel
386 971 508 1033 Aurora,
521 982 566 1018 me
586 980 684 1018 somno
699 961 818 1016 caruisse
833 959 1070 1024 animadvertens,
1086 954 1284 1012 misericordia
1302 958 1362 1013 mei

323 1067 460 1129 tangatur.

363 1147 454 1200 Creu.
468 1146 502 1200 V.
524 1144 685 1199 «Misellum
701 1161 826 1211 carmen,
846 1140 976 1196 ultimum
993 1140 1066 1195 inter
1077 1138 1203 1196 Statiano
1223 1148 1285 1193 tam
1304 1157 1357 1193 or-

325 1234 390 1291 dine
404 1253 489 1308 quam
496 1235 637 1311 iugenio...
645 1235 716 1290 Mihi
728 1234 840 1289 videtur
853 1232 957 1288 Statius
971 1231 1165 1304 imperfectum
1174 1229 1359 1303 reliquisse.»

1155 1323 1275 1376 Mem..

368 1419 485 1491 Serpere
495 1420 619 1472 crudeles
632 1415 669 1494 (v,
680 1435 717 1472 uo
731 1415 793 1493 sq).
808 1414 1013 1485 Wakefieldus,
1027 1414 1057 1469 in
1070 1414 1131 1469 Sile.
1148 1414 1208 1467 cn't.
1216 1451 1226 1478 ,
1240 1414 1303 1466 vol.
1317 1433 1359 1481 ιν,

326 1527 354 1580 p.
370 1510 424 1577 23,
442 1527 513 1563 corr.
530 1528 537 1562 :
552 1511 696 1581 «Carpere
718 1510 860 1564 crudelem
872 1508 944 1562 vidit
962 1506 1093 1581 lanugine
1105 1505 1207 1559 malas·
1220 1504 1360 1575 (postre-

326 1617 401 1652 mum
414 1600 469 1653 hoc
483 1598 591 1674 codd),
605 1600 623 1653 i.
636 1619 660 1654 c,
675 1612 702 1654 et
715 1601 787 1655 vidit
807 1600 949 1654 crudelem
963 1594 1105 1675 (cinerem)
1116 1612 1245 1668 carpere,
1264 1604 1324 1649 etc.

371 1692 460 1759 Quum
473 1690 589 1745 meditor
607 1693 720 1745 terdena
740 1690 776 1767 (v.
793 1690 849 1767 πῄ).
864 1694 899 1745 ln
918 1690 1003 1744 codd.
1016 1699 1045 1744 ct
1061 1687 1125 1743 edd.
1140 1696 1207 1741 vett.
1223 1686 1356 1741 lacrmu:

326 1799 407 1852 quum
507 1784 535 1835 in
548 1783 630 1848 cerm,
647 1800 731 1854 quam
748 1801 818 1837 voce
831 1783 949 1835 meditor
960 1779 1081 1853 explerit
1098 1776 1253 1845 Domitius3
1276 1779 1360 1832 Gro-

326 1890 392 1925 nov.
407 1883 436 1927 et
450 1873 549 1928 Markl.
564 1894 570 1928 :
585 1876 670 1938 nitor,
685 1874 703 1927 i.
717 1893 741 1928 e.
762 1892 825 1928 cum
839 1874 936 1927 labore
954 1883 982 1926 et
997 1872 1097 1927 dolore
1116 1888 1231 1926 cutmen
1248 1887 1358 1943 pungo.

329 1962 418 2017 Etiam
432 1963 592 2033 inversu27
609 1965 736 2019 lacunam
750 1974 907 2019 monstrant
920 1962 1028 2035 antiqui
1041 1961 1121 2030 libri,
1133 1960 1300 2017 iuzcorsa

328 2063 368 2107 est
387 2071 394 2105 ε
408 2064 492 2126 atque
505 2055 546 2109 ira
560 2054 701 2110 tacendi.»
716 2055 801 2126 Quod
819 2054 926 2109 editum
939 2064 996 2122 est,
1011 2051 1137 2107 Domitio
1150 2062 1182 2107 et
1197 2050 1294 2124 ipsum
1307 2050 1360 2105 de-

329 2141 429 2212 betur;
443 2144 492 2199 sed
510 2146 554 2199 vel
578 2147 615 2200 ob
633 2145 775 2200 metricam
795 2145 950 2199 libertatem
969 2153 1143 2217 suspectum,
1162 2142 1280 2215 qualem
1298 2159 1356 2196 nou

328 2250 453 2305 uuquam
466 2235 519 2290 sibi
532 2236 694 2310 indulgebat
708 2238 819 2293 Statius.

372 2325 477 2380 Tenues
496 2329 595 2400 ignavo
609 2330 715 2401 pollice
728 2329 846 2384 chordas
859 2327 897 2407 (v.
913 2327 969 2406 31).
984 2332 1026 2385 Itu
1039 2330 1085 2384 vel
1104 2330 1242 2383 tremulas
1253 2327 1353 2383 Marll.

329 2415 456 2486 conjecit.
476 2420 590 2474 Veteres
604 2439 611 2473 :
626 2422 749 2474 excludit
761 2423 847 2475 rumis
860 2441 870 2474 .·
884 2423 992 2495 ignaro.

369 2509 556 2580 Fomcnloque
568 2496 843 2582 quoero'Vulneribus
850 2553 860 2579 ,
873 2514 926 2567 sed
938 2531 1050 2567 summo
1056 2550 1066 2577 ,
1081 2510 1153 2566 meis
1162 2508 1200 2586 (r.
1213 2508 1268 2583 hi
1283 2510 1350 2563 nee

327 2599 385 2672 jam
399 2617 414 2653 a
428 2600 528 2655 Markl.
546 2602 644 2655 merito
665 2612 776 2672 notatu,
790 2614 818 2657 et
833 2614 897 2659 ante
911 2623 974 2659 eum
991 2603 1027 2658 ab
1040 2602 1174 2671 Heinsio,
1187 2600 1236 2675 qui
1250 2600 1354 2672 conje-

329 2691 367 2745 cit
384 2692 436 2745 sed
444 2709 528 2746 uuna.
543 2694 648 2747 Verum
661 2694 782 2748 restituit
794 2694 933 2751 Weberus
946 2713 982 2750 ex
994 2694 1058 2749 cod.
1072 2693 1193 2768 Rhedig.
1206 2712 1215 2747 t
1226 2694 1356 2748 «vulne-

328 2782 419 2851 ribus,
436 2802 500 2856 quoe
519 2802 638 2852 summa,
652 2804 710 2838 m.»
723 2815 763 2827 -·
775 2787 860 2860 seqq.
875 2806 891 2841 a
910 2805 994 2841 versu
1012 2784 1048 2852 46
1062 2784 1093 2839 iu
1109 2784 1234 2859 antiquis
1251 2804 1356 2841 corru-

329 2872 452 2943 ptissima
471 2875 566 2946 paullo
593 2874 706 2929 liberius
728 2874 824 2931 reficta
845 2876 881 2932 ab
907 2875 1091 2945 Marklando,
1118 2894 1208 2949 quem
1230 2876 1358 2950 sequitur

329 2962 424 3016 editio.
439 2963 566 3039 Singulas
583 2967 750 3022 mutationes
762 2967 887 3043 iudicare
904 2968 986 3023 nobis
998 2986 1051 3040 per
1069 2966 1195 3041 spatium
1212 2968 1358 3025 nonlicet

373 3054 473 3107 Verum
489 3067 549 3109 erut
566 3051 603 3131 (v.
621 3053 676 3131 49).
691 3057 714 3110 l.
733 3076 756 3111 c.
771 3076 881 3131 aequum
895 3069 968 3129 erat,
992 3076 1152 3114 merueram
1171 3076 1257 3129 saue,
1277 3072 1311 3116 ut
1331 3061 1359 3115 in

329 3144 483 3200 Horatiano
497 3164 505 3199 :

433 3271 515 3320 Metiri
524 3288 548 3320 se
562 3289 677 3338 quemque
689 3290 731 3323 suo
743 3275 838 3326 modulo
851 3292 879 3326 uc
891 3277 953 3343 pede
963 3293 1045 3327 rerum
1054 3286 1098 3327 est.

330 3385 375 3440 Sic
388 3397 462 3441 recte
476 3389 580 3456 Grou,
593 3408 621 3461 p.
642 3392 706 3463 391.

370 3480 513 3552 Loquoccs
520 3481 644 3533 Delicias
652 3483 792 3537 doctumue
797 3485 843 3539 sui
849 3485 969 3540 convicia
977 3486 1039 3541 Nili
1042 3481 1190 3552 lustralem
1199 3485 1241 3565 (v.
1249 3488 1289 3545 66
1299 3485 1359 3564 sq.)-

331 3568 409 3637 Quid
422 3570 489 3624 velit
501 3570 619 3641 Statius,
635 3574 739 3645 optime
752 3574 888 3649 significat
900 3576 1047 3646 Martialis,
1059 3576 1098 3632 ub
1116 3579 1226 3637 Markl.
1245 3582 1359 3647 allatus.

332 3678 374 3727 ιν,
390 3668 447 3725 lu:

435 3812 461 3861 si
474 3813 526 3877 quis
534 3813 594 3865 forte
605 3816 663 3865 mihi
673 3827 748 3882 posset
762 3829 871 3884 prusture
884 3820 987 3885 roganti,

468 3896 545 3956 Audi,
557 3913 625 3962 quem
640 3915 753 3962 puerum,
766 3902 859 3962 Flacco,
872 3918 955 3967 rogere
967 3901 1054 3951 velim:

435 3979 530 4028 Niliacis
543 3980 643 4045 primum
655 3999 714 4046 puer
726 3983 746 4031 is
755 3993 862 4033 noscetur
875 3985 900 4033 iu
911 3985 970 4041 oris:

468 4062 589 4125 Nequitias
598 4064 665 4111 lellus
676 4064 720 4112 scit
731 4063 787 4111 dure
799 4065 864 4115 nolu
874 4065 954 4129 magis.
