2812 5258
373 738 816 827 ADNOTATIONES.

511 998 668 1016 u.-

120 1261 179 1315 Nec
187 1260 278 1332 suerit
290 1261 405 1315 latuisse
425 1279 516 1316 meum
531 1261 569 1338 (v.
587 1260 642 1337 ιι).
661 1260 721 1317 Nec
734 1262 790 1316 mei
809 1260 930 1337 ingenii,
949 1258 1005 1317 mei
1021 1260 1111 1317 moris

75 1350 158 1407 luisse
172 1350 283 1407 dicatur
295 1351 411 1407 latibula
429 1361 527 1425 petere
544 1372 577 1409 oc
590 1354 688 1429 fugere
700 1354 815 1409 bellum.

114 1443 215 1515 Neque
225 1444 299 1499 enim
314 1438 353 1518 (v.
371 1442 425 1517 ια).
439 1446 614 1500 Postremum
632 1463 694 1501 voc.
708 1444 804 1500 Heius.
819 1443 940 1500 addidit.

116 1536 227 1589 Groedi
238 1534 276 1611 (v.
293 1535 349 1611 ou).
365 1535 410 1591 Ad
424 1536 588 1593 tenuitatem
608 1549 637 1593 et
649 1540 780 1594 laevorem
798 1536 951 1592 elaborato.

115 1629 143 1681 A
157 1630 219 1682 telis
232 1628 274 1681 ael
289 1629 345 1681 tela
360 1624 398 1705 (v.
414 1626 471 1705 ι4).
485 1627 573 1683 Ludit
587 1629 616 1684 in
630 1626 725 1686 verbis
738 1632 819 1697 eetoe,
833 1638 969 1697 texture,
988 1637 1016 1683 et
1036 1632 1117 1697 tela,

75 1736 162 1775 ιηιιιι.

116 1812 233 1868 Fusus...
237 1812 345 1885 sudem
356 1810 394 1885 (v.
411 1811 468 1885 4ι).
486 1814 550 1869 Hoc
565 1815 640 1885 vult,
654 1815 712 1886 jam
726 1833 742 1870 a
756 1834 801 1871 me
814 1815 891 1871 lusos
905 1814 1008 1870 iterum
1016 1833 1118 1871 acsae-

78 1902 142 1975 pius
155 1903 266 1959 fudero.

117 1994 255 2065 deserat:
269 2019 281 2043 κ
293 1996 349 2061 Tu,
368 2016 451 2071 quem
464 1994 501 2073 (v.
523 1998 581 2071 44).
598 1998 669 2055 (lod.
689 2018 762 2074 quoe.
780 2000 855 2056 Male
877 2000 971 2053 Bunn.
991 2017 1058 2071 quee
1075 2010 1116 2052 tu.

77 2088 153 2143 Vere
169 2086 236 2144 sort.
251 2088 400 2144 Schrader.
416 2089 491 2162 conj.
506 2102 625 2165 regerat.

117 2178 175 2245 Ne,
191 2191 219 2234 te
239 2183 337 2253 rapiat
353 2181 382 2234 si
399 2182 523 2237 Manius
538 2181 580 2256 (v.
596 2182 662 2259 48).
685 2181 756 2239 cod.
772 2194 801 2240 et
822 2184 916 2239 Burro.
932 2206 944 2229 ι
955 2181 1014 2236 Nec
1037 2190 1067 2235 te
1089 2200 1116 2235 r.

76 2269 118 2323 sie
131 2271 170 2323 M.
181 2294 193 2317 υ

116 2360 181 2414 Nou
195 2358 367 2429 uisosunere
384 2363 420 2438 (v.
439 2364 496 2443 49).
511 2365 557 2421 Sic
570 2367 634 2421 cod.
655 2367 749 2423 Bnrm.
766 2369 897 2441 pignore.

118 2450 314 2518 llltn'cu'ujitret
321 2455 350 2505 ἱιι
358 2472 441 2505 amsa
449 2454 486 2525 (v.
495 2454 551 2527 66).
563 2455 633 2505 cod.
642 2476 657 2500 α
665 2473 691 2505 ιι.
701 2458 808 2507 luderet
815 2456 844 2505 in
854 2474 878 2506 a.
886 2478 901 2502 u
908 2455 1118 2527 Antiquissima

79 2541 248 2617 permutatio
267 2541 426 2597 litterarum
445 2544 458 2596 l
475 2552 503 2597 et
523 2542 558 2596 i.-
575 2558 662 2615 quare
680 2560 769 2615 quum
787 2560 898 2598 sensum
916 2560 975 2597 uon
990 2543 1119 2599 heberet

79 2636 163 2701 lunt,
176 2633 310 2690 librarius
327 2633 443 2691 videtin·
456 2633 570 2691 finxisse
591 2636 716 2703 luderet,·
728 2635 878 2692 uerisimile
897 2646 972 2691 certe
987 2646 1028 2691 est
1046 2654 1116 2693 eum

78 2726 187 2783 litteras
207 2726 348 2783 addidisse
370 2747 467 2802 quea
489 2738 648 2803 prototypo
669 2728 811 2799 abessent,
830 2729 895 2802 quia
914 2729 988 2784 inter
1001 2731 1115 2785 ultricia

80 2828 108 2874 et
122 2838 204 2873 annu
215 2817 292 2893 (sort.
307 2820 385 2892 prius
395 2832 424 2876 et
437 2820 546 2876 omissis
555 2840 614 2875 non
628 2820 775 2876 intellectis
788 2820 906 2896 scripto)
924 2821 1044 2894 spatium
1060 2822 1113 2894 ipsi

81 2909 163 2965 nisuis
177 2922 326 2985 angusttuu
343 2923 497 2985 superorat.
515 2914 612 2968 Burni.
631 2913 701 2967 male
724 2911 849 2966 nutricia
871 2913 953 2966 ludat
969 2914 998 2966 in
1011 2932 1038 2965 a.
1054 2913 1116 2968 Ce-

82 3003 161 3059 lebre
174 3003 374 3075 jusjurandum
387 3005 539 3080 Tyndarei.
554 3009 587 3061 ln
600 3004 723 3077 jurando
736 3022 835 3060 manus
853 3004 889 3059 ad
902 3006 1004 3059 coelum
1019 3007 1115 3062 elevo-

81 3094 188 3149 bantur
204 3116 210 3149 :
230 3115 319 3168 quare
334 3117 435 3151 manus
449 3098 583 3152 dicuntur
595 3098 697 3168 jurare.
992 3149 998 3159 ,

121 3188 206 3241 Ferre
218 3189 327 3262 putus...
346 3190 447 3264 Exigit
460 3187 516 3265 (vv.
535 3192 583 3258 83,
599 3184 657 3262 84).
679 3187 776 3243 Codex
799 3199 880 3259 potes
898 3197 925 3240 et
949 3163 1115 3261 elgiobseu

82 3295 157 3332 vans.
175 3280 258 3335 Unde
272 3280 319 3335 alii
333 3283 448 3356 exigua.
464 3281 534 3336 Loci
552 3278 632 3334 dubii
650 3298 746 3333 sensus
765 3278 811 3332 hic
824 3296 882 3334 esse
896 3279 1009 3335 videtur
1024 3299 1030 3331 z
1044 3279 1113 3333 dum

82 3367 156 3425 serre
170 3384 299 3444 poteram
318 3392 381 3446 quae
400 3384 431 3429 ut
445 3374 564 3429 ieramus
578 3369 666 3438 exigit
678 3381 743 3426 aetas
761 3371 934 3426 successibus
948 3381 976 3426 et
988 3372 1115 3445 pulchris

82 3460 255 3520 facinoribus
268 3484 380 3536 curens3
396 3466 465 3521 dum
479 3476 577 3520 tenero
586 3461 679 3517 adhuc
692 3463 787 3517 animo
801 3462 934 3519 cedebam
948 3463 1114 3535 parentibus

83 3552 113 3606 in
133 3556 210 3608 omni
228 3575 258 3611 re
277 3576 361 3631 quam
375 3558 444 3612 mihi
461 3555 639 3628 imperabant
654 3564 688 3609 ut
705 3573 810 3627 puero,
824 3565 877 3610 etc.

543 3842 658 3890 nutu.
