2774 5256
176 505 232 563 αφ
460 486 705 542 icnrmnruos
726 479 839 539 arnna
859 485 895 540 11.
1112 487 1152 546 (a.
1168 488 1240 553 ηε.)

177 614 233 686 Nil
251 618 323 685 ausi
340 616 541 701 meminisse,
560 627 708 707 pavent:
728 612 775 679 sic
792 612 904 679 omnia
922 612 998 679 visu

177 740 325 807 Mutatus
342 735 453 821 rediit,
471 758 547 817 ceu,
567 756 740 824 nunquam
760 731 875 825 Scyria
893 756 1017 824 passus
1048 762 1052 771 ¹

176 858 310 942 Litora,
328 854 458 925 Peliaco
471 867 587 946 raptus
603 851 782 921 descendat
798 852 839 920 ab
856 864 966 920 antro.

224 979 318 1043 Tunc
335 1000 373 1043 ex
393 998 487 1044 more
504 975 604 1062 Deis,
622 974 668 1041 ita
686 996 827 1066 namque
846 971 1008 1041 monebat
1026 971 1175 1061 Ulixes,

178 1099 367 1192 AEquoreis‚
383 1097 580 1189 Austrisque
599 1091 688 1179 litat,
707 1093 876 1185 fluctuque
895 1093 960 1162 sub
980 1093 1064 1188 ipso

177 1215 364 1287 Coeruleum
383 1239 496 1309 regem
517 1228 614 1283 tauro
631 1227 815 1298 veneratur,
833 1235 1005 1306 avumque

178 1341 288 1407 Nerea
308 1360 316 1403 ε
337 1336 452 1405 vittate
471 1335 614 1429 genitrix
632 1331 758 1426 placata
773 1333 916 1425 juvenca
935 1347 1002 1402 est.
1102 1338 1105 1345 ’

178 1457 241 1524 llic
258 1469 433 1548 spumante
450 1452 520 1524 salo
533 1455 659 1546 jaciens
677 1450 803 1521 tumida
817 1467 894 1520 exta
909 1453 1078 1545 profatur
1096 1481 1106 1523 ε

179 1578 398 1655 «Paruimus,
409 1573 768 1668 genitrix,quanquam
778 1568 1236 1668 haudtoleranda'jnbebas,

178 1695 351 1764 Paruimus
369 1693 526 1761 nimium:
540 1690 626 1761 bella
645 1689 687 1759 nd
703 1692 847 1784 Trojnna
864 1704 1024 1787 ratesque

178 1813 348 1910 Argolicas
361 1814 518 1907 quaesitus
535 1837 585 1882 eo.
603 1841 619 1876 r
637 1813 691 1881 Sic
706 1837 817 1901 orsus,
838 1829 871 1882 et
889 1812 970 1884 alno

180 1932 327 2021 Insiluit,
348 1933 547 2027 penitusque
563 1935 654 2004 Noto
674 1932 831 2001 stridente
853 1935 1057 2029 propinquis

180 2053 355 2147 abripitur
371 2054 466 2122 terris
487 2078 495 2120 ι
512 2054 646 2147 jamque
664 2052 768 2121 ardua
782 2072 929 2122 cresccre
948 2054 1064 2127 nubes

182 2176 319 2270 incipit,
338 2188 372 2243 et
388 2177 507 2268 Scyros
526 2173 623 2268 longe
641 2174 828 2244 decrescere
844 2191 961 2269 ponto.

231 2297 338 2363 Turre
354 2290 469 2387 procul
485 2317 629 2380 summa,
643 2290 796 2387 lacrymis
809 2297 967 2365 comitata
986 2322 1167 2383 somnum,

182 2413 444 2503 Confessumque
462 2426 590 2491 tenens,
606 2426 640 2479 et
656 2412 834 2482 habentem
854 2417 992 2484 nomina
1010 2419 1200 2512 Pyrrhum,

180 2529 346 2599 Pendehat
367 2529 694 2624 conjux‚·oculisque
715 2532 749 2600 in
766 2535 901 2603 carbasa
917 2536 994 2605 fixis

182 2650 273 2737 lbat,
288 2664 322 2717 et
337 2652 409 2742 ipsa
423 2648 544 2717 fretum
559 2665 592 2718 et
611 2675 755 2746 puppem
769 2655 838 2746 jam
855 2653 923 2722 sola
941 2655 1095 2727 videbat.

181 2768 241 2838 Ille
255 2794 387 2863 quoque
402 2767 553 2863 obliquos
568 2768 688 2839 dilecta
701 2771 743 2840 ad
758 2774 877 2841 moeuia
893 2772 1009 2843 vultus

182 2888 354 2974 Declinat,
376 2888 576 2982 viduamque
593 2889 745 2975 domum,
765 2895 972 2987 gemitusque
992 2895 1124 2967 relictae

182 3010 341 3100 Cogitat:
364 3007 513 3077 occultus
533 3010 713 3079 subcorde
732 3014 914 3081 renascitur
934 3014 1051 3105 ardor,

181 3129 313 3219 Datque
330 3126 440 3196 locum
457 3130 562 3198 virtus
578 3155 586 3197 t
605 3133 703 3200 sensit
721 3133 870 3200 laertius
890 3134 989 3203 heros

183 3250 394 3330 Maerentem,
410 3264 444 3316 et
463 3246 600 3341 placidis
618 3275 788 3345 aggressus
808 3251 936 3321 ilecterc
955 3254 1086 3327 dictis:

182 3396 198 3428 «
214 3369 318 3453 Tenc,
335 3368 458 3458 inquit,
477 3385 770 3462 magnae·vastator
789 3371 898 3443 debite
914 3375 1043 3467 Trojae,

182 3484 291 3571 Quem
310 3487 433 3555 Danaae
452 3486 588 3576 classes,
608 3515 704 3583 quem
723 3494 845 3562 Divum
862 3492 999 3564 oracula
1020 3516 1193 3592 poscunt,
1237 3581 1239 3585 ,

180 3607 401 3698 Erectumque
417 3620 524 3674 manet
542 3625 686 3679 reserato
705 3609 817 3680 limine
831 3611 974 3700 bellum,

180 3719 306 3791 Callida
328 3723 467 3793 femineo
485 3728 627 3818 genitrix
643 3729 763 3799 velavit
780 3732 925 3802 amictu?

180 3841 417 3935 Commisitque
435 3842 510 3914 ullis
525 3861 592 3915 tam
607 3850 744 3942 grandia
761 3850 847 3919 furta
863 3850 1023 3923 latebris?

179 3961 395 4054 Speravitque
409 3963 532 4034 fidem?
548 3968 644 4036 nimis
663 3992 684 4036 ο
700 3994 871 4064 suspensa,
894 3974 1065 4069 nimisque

180 4076 304 4147 Mater!
321 4104 362 4150 an
379 4082 447 4153 laec
466 4085 568 4154 virtus
589 4086 687 4156 tacita
703 4102 846 4182 torperet
865 4093 897 4160 in
916 4093 1053 4182 umbra,
