2812 5258
59 453 91 511 [v.
103 450 155 514 Β’·)
369 453 557 509 savarum
575 454 681 509 Lmen
702 456 748 510 IV.

155 576 197 641 Et
214 588 318 667 grates
334 599 414 668 ago,
433 578 636 668 servitusque
656 578 738 646 tanti
752 593 820 662 est,

150 689 251 778 Quod
267 692 326 759 sub
346 706 379 760 te
394 692 498 779 duce,
518 708 550 762 te
566 695 719 785 jubente,
739 695 839 780 cessi3

153 807 253 896 Quod
269 822 306 878 tu
325 811 485 879 maximus
501 813 640 899 arbiter,
656 835 800 904 meaeque

154 927 270 995 Victor
285 943 462 1020 perpetuus
477 927 584 1022 legere
600 929 689 1022 ripae.

154 1046 196 1112 Et
212 1068 300 1113 nunc
317 1044 420 1115 limite
435 1071 487 1115 me
502 1045 583 1115 eolis
599 1047 713 1142 beato,

152 1165 224 1234 Nec
239 1165 371 1236 sordere
384 1173 481 1258 ainis,
494 1171 682 1266 malumque
696 1173 760 1242 late

152 1288 313 1381 Deterges
332 1289 449 1359 sterilis
470 1289 529 1359 soli
550 1291 729 1384 pudorem,

152 1406 222 1474 Nec
239 1430 292 1474 me
307 1406 497 1499 pulvereum
514 1433 712 1502 gravemque
727 1435 820 1479 eoeno

151 1525 312 1617 Tyrrheni
328 1527 418 1594 sinus
434 1526 552 1595 obruet
567 1527 741 1620 profundi3

151 1641 268 1731 Qualis
285 1645 468 1737 Cinyphius
486 1659 613 1714 tacente
626 1647 699 1739 ripa

151 1762 276 1830 Panos
288 1761 434 1855 Bagrada
452 1763 552 1856 serpit
568 1765 655 1832 inter
673 1787 788 1858 agros3

156 1877 221 1945 Sed
240 1877 315 1946 talis
330 1880 433 1964 ferar,
449 1895 487 1947 ut
502 1882 627 1949 nitente
642 1906 739 1950 cursu

153 1992 383 2086 Tranquillum
399 2019 489 2063 mare
506 2000 755 2091 proximumque
770 2003 891 2093 possim

156 2116 245 2182 Puro
257 2115 388 2207 gurgite
402 2137 582 2207 provocare
597 2117 711 2184 Lirim.
724 2144 741 2179 a

156 2236 231 2300 Haec
247 2234 382 2317 Amnis3
401 2231 589 2324 pariterque
606 2231 784 2302 relevabat

153 2350 283 2444 Ingenti
304 2348 400 2443 plaga
419 2365 618 2419 marmorata
638 2349 744 2420 dorso.

199 2470 305 2561 Hujus
317 2470 437 2560 janua,
455 2493 715 2562 prosperumque
733 2468 830 2538 limen

155 2592 278 2675 Meus,
295 2585 440 2680 belligeri
455 2589 557 2656 Ducis
573 2588 728 2680 tmphaeis

153 2709 197 2774 Et
215 2708 292 2775 totis
310 2708 471 2800 Ligurum
489 2708 599 2775 nitens
616 2703 777 2788 metallis,

152 2827 305 2914 Quantus
321 2823 435 2892 nubila
450 2826 506 2917 qui
524 2838 660 2893 ooronat
678 2824 785 2892 imbri.

151 2941 222 3012 lllic
241 2943 383 3013 flectitur
397 2944 501 3012 exitus
517 2944 644 3011 viarum
657 2967 667 3027 ;

153 3061 225 3131 Illic
244 3063 353 3156 Appia
366 3087 401 3131 se
417 3061 506 3130 dolet
519 3060 662 3154 relinqui
679 3087 686 3128 :

152 3185 245 3251 Tunc
264 3180 407 3250 velocior
427 3181 599 3272 acriorque
618 3203 752 3264 cursus,

152 3304 245 3370 Tunc
260 3302 347 3395 ipsos
359 3301 456 3394 juvat
471 3301 613 3394 impetus
625 3296 762 3391 jugales.

154 3421 224 3488 Ceu
238 3419 327 3489 fessis
344 3421 402 3488 ubi
419 3419 582 3513 remigum
598 3415 729 3485 lacertis

153 3539 285 3623 Prima,
304 3541 436 3607 carbasa
455 3535 642 3624 ventilatis,
661 3560 757 3605 aurae.

155 3659 244 3748 Ergo
264 3681 396 3742 omnes,
416 3684 496 3752 age,
516 3681 589 3751 quae
608 3658 669 3726 sul>
688 3681 747 3725 axe
767 3657 874 3750 priano

155 3775 295 3842 Romani
313 3772 418 3843 colitis
434 3776 529 3846 fidem
547 3777 711 3869 parentis,

154 3895 264 3961 Prono
280 3891 384 3960 limite
402 3910 578 3964 commeate
594 3910 707 3988 gentes
726 3920 733 3961 :

156 4015 231 4082 an
247 4013 343 4081 citius
362 4013 470 4078 venite
488 4011 618 4098 laurus,
