2812 5258
321 428 359 486 86
634 413 849 471 musalms
867 412 980 471 LIBER
1001 413 1052 467 VI.
1244 412 1361 486 (alpi)

316 550 447 639 Raptus
465 543 501 613 in
518 537 700 626 excelsum,
721 563 783 608 nec
799 540 871 633 jam
889 563 965 633 spes
985 535 1053 606 ulla
1071 537 1236 625 cadendi,

316 668 388 737 Nec
405 664 483 734 licet
498 677 642 733 extrema
663 674 804 729 manem
823 660 1019 754 contingere
1037 657 1163 752 planta.

366 787 420 855 Fit
439 806 560 869 sonus,
578 795 612 850 et
630 778 722 849 latos
741 778 900 850 attollunt
919 781 1053 874 agmina
1073 777 1218 873 plausus

316 911 412 977 Tunc
430 902 496 973 alte
514 900 639 971 librans
657 902 833 995 inopinum
851 915 970 996 sponte
989 900 1138 987 remisit,

316 1023 565 1117 obliquumque
580 1019 691 1104 dedit,
709 1019 1049 1114 procumbentemque
1065 1035 1199 1091 secutus

316 1141 413 1214 Colla
429 1138 530 1212 simul
543 1139 676 1228 dama,
691 1138 832 1235 pedibus
851 1138 949 1208 simul
965 1141 1103 1234 inguina
1119 1142 1234 1210 vinxit„

316 1260 435 1334 Dfficit
452 1262 624 1348 obsessus,
642 1258 780 1352 soloque
793 1257 922 1353 pudpre
940 1275 1115 1355 repugnat.

316 1380 465 1453 Tandem
483 1395 598 1475 pectus
614 1380 728 1469 humi,
745 1402 954 1473 pronamque
973 1394 1128 1450 extensus
1147 1382 1181 1450 in
1198 1380 1310 1453 alvum

316 1503 499 1588 Sternitur,
517 1525 556 1569 ac
572 1499 676 1594 longo
693 1513 829 1569 maestus
845 1512 924 1592 post
942 1514 1092 1593 tempore
1107 1503 1236 1596 surgit,

315 1623 443 1716 Turpia
459 1622 590 1716 signata
607 1618 762 1714 linquens
779 1619 919 1714 vestigia
936 1632 1035 1688 terra.
1250 1620 1256 1633 '

364 1739 514 1811 Palmam
535 1755 645 1809 autem
664 1738 796 1828 dextra,
817 1738 966 1834 levaque
980 1741 1119 1809 nitentia
1137 1741 1227 1811 dono

315 1866 419 1931 Arma
434 1861 543 1931 luens
559 1860 714 1955 Tydeus:
729 1861 848 1953 «Quid
866 1861 895 1929 si
913 1885 981 1930 non
999 1863 1170 1956 sanguinis
1190 1862 1292 1957 hujus

315 1985 449 2052 Partem
465 1980 558 2050 haud
570 1983 744 2078 exiguam,
758 1968 867 2069 scitis,
882 1982 1032 2051 Diroaeus
1050 1982 1188 2055 baberet

316 2098 486 2198 Campus?
503 2101 561 2171 ubi
579 2102 632 2172 bns
648 2125 757 2197 nuper
774 2099 966 2171 Thebarum
982 2100 1106 2173 loedera
1124 2104 1252 2197 plaga?
1266 2135 1283 2168 s

317 2225 395 2292 Haec
412 2221 510 2292 simul
529 2236 719 2308 ostentans,
736 2221 941 2313 quaesitaque
958 2222 1095 2312 premia
1111 2219 1247 2289 laudum

316 2347 385 2418 Dat
401 2344 499 2413 sociis
516 2366 525 2408 z
544 2341 695 2431 sequimi·
712 2337 882 2431 neglectus
899 2335 1037 2430 Agyllea
1054 2338 1183 2407 thorax.

363 2463 449 2531 Sunt
463 2472 496 2527 et
512 2459 571 2549 qui
586 2454 678 2525 nudo
690 2454 833 2525 mbeant
848 2479 1048 2525 concurrere
1064 2455 1163 2527 fetro.

312 2583 451 2671 Jamque
468 2572 609 2645 admont
625 2574 779 2645 instructi
795 2574 897 2644 armis
915 2574 1117 2670 Epidaurius
1135 2582 1280 2674 Agreus,

312 2701 355 2768 Et
371 2693 520 2765 nondum
539 2693 616 2766 fatis
632 2695 784 2767 Dircaeus
798 2696 971 2792 agentibus
990 2696 1092 2767 exsul.

312 2821 390 2889 Dur
407 2831 497 2887 vetat
512 2815 636 2887 Iasides
654 2842 664 2887 z
683 2818 828 2890 «Manet
845 2818 962 2912 ingens
977 2819 1073 2911 copia
1094 2818 1171 2910 leti,

313 2942 345 3007 Ο
359 2939 499 3032 juvenes
517 2963 525 3007 ε
545 2953 673 3008 servate
690 2939 834 3025 animos,
854 2935 1056 3030 avidumque
1074 2938 1221 3011 furorem

313 3059 491 3152 Sanguinis
508 3056 639 3127 adversi
658 3083 666 3125 :
686 3071 791 3150 tuque
809 3080 847 3144 o,
865 3078 965 3148 quem
980 3074 1117 3151 propter
1136 3065 1224 3130 avita

311 3181 452 3272 iugera,
472 3176 609 3247 dilectas
627 3177 680 3247 cui
698 3173 920 3247 desolavimus
938 3176 1056 3262 urbes,

313 3298 379 3383 rte,
395 3320 525 3390 preoor,
545 3311 622 3367 anta
639 3297 763 3381 aciem,
779 3295 836 3386 jus
854 3308 985 3389 tanturn¹
1003 3300 1135 3369 casibus
1152 3326 1238 3389 esse,

313 3414 545 3507 Fraternisquc
560 3415 666 3501 siuas,
683 3413 822 3508 abigant
842 3413 907 3483 boc
924 3416 1076 3488 numina!
1096 3423 1216 3491 votis.»

361 3534 417 3601 Sic
432 3533 502 3601 ait:
522 3546 620 3625 atque
637 3531 753 3602 ambos
771 3548 889 3603 aurata
904 3536 1030 3605 casside
1047 3537 1140 3608 ditat.

311 3656 406 3723 Tunc
424 3676 560 3747 genero,
578 3676 621 3720 ne
640 3650 747 3723 laudis
765 3677 882 3748 egens,
896 3655 992 3748 jubet
1010 3657 1114 3727 ardua
1132 3665 1219 3731 necti

311 3775 494 3865 Tempora,
511 3771 768 3865 Thebarumque
784 3774 909 3868 ingenti
928 3800 1010 3845 voca
1023 3778 1116 3847 citari

316 3892 491 3961 Victorem.
511 3891 601 3961 Dirae
615 3891 801 3961 retinebant
815 3895 928 3967 nnana
942 3898 1064 3968 Parca.
1252 3987 1254 3992 A

361 4011 475 4102 lpsum
490 4009 593 4115 etiam
610 4009 748 4103 proprio
766 4012 949 4081 certamina
967 4013 1049 4086 festa
1066 4015 1202 4090 labore'
