2812 5258
310 454 325 511 l
609 440 821 498 THEBAIDOS
845 440 953 494 LIBER
974 439 1023 492 1v.
1246 431 1339 491 (tlt-l

359 572 449 639 Idem
466 571 612 651 habitus,
630 565 745 635 eadem
763 588 854 631 arma
872 564 961 649 viro,
982 584 1054 652 quae
1074 559 1202 625 debitus
1221 558 1340 647 hospes

308 691 454 759 Hiberna
474 687 534 755 sub
552 699 648 752 nocte
667 683 752 752 tulit.
771 681 989 749 Theumesius
1008 675 1124 772 implet

307 814 413 902 Terga
432 806 482 874 leo
502 831 509 872 :
527 805 660 898 gemino
677 800 792 870 lucent
809 797 940 868 hastilia
956 799 1067 906 ferro:

305 932 428 1018 Aspera
446 922 604 991 vulnifico
623 924 738 990 subter
755 921 839 989 latus
859 945 935 988 ense
954 921 1039 1011 riget
1055 917 1193 1010 Sphinx.

304 1049 375 1112 Jam
397 1066 537 1136 regnum
556 1043 738 1135 matrisque
756 1043 863 1123 sinus,
884 1037 1032 1130 fidasque
1050 1061 1179 1104 sorores

305 1166 370 1254 Spe
388 1163 539 1254 votisque
557 1177 670 1232 tenet:
689 1176 799 1228 tamen
819 1172 851 1226 et
870 1157 910 1225 de
927 1172 1019 1224 turre
1037 1178 1189 1247 suprema

301 1284 505 1369 Attonitum,
524 1297 661 1375 totoque
676 1294 862 1349 exstantem
879 1301 1017 1369 corpore
1035 1274 1132 1367 longe

302 1403 450 1495 Respicit
468 1405 618 1495 Argian:
638 1401 706 1467 haec
724 1415 870 1467 mentem
887 1394 1067 1486 oculosque
1085 1393 1213 1461 reducit

302 1523 478 1615 Conjugis,
497 1535 530 1588 et
549 1519 662 1587 dulces
682 1519 802 1586 avertit
822 1530 954 1609 pectore
974 1514 1112 1581 Thebas.

350 1644 434 1708 Ecce
452 1643 538 1707 inter
556 1638 680 1706 medios
698 1639 813 1731 patriae
831 1638 896 1703 ciet
913 1636 1046 1727 agmina
1063 1635 1172 1726 gentis

301 1758 495 1826 Fulmineus
514 1757 663 1851 Tydeus,
680 1759 748 1850 jam
766 1754 876 1838 laetus,
895 1770 929 1822 et
947 1756 1075 1846 integer
1092 1767 1199 1834 artus,

301 1881 348 1946 Ut
369 1881 512 1971 primum
530 1893 700 1971 strepuere
718 1876 804 1944 tubae
820 1903 827 1942 :
843 1900 904 1944 ceu
922 1874 1067 1944 lubricus
1087 1874 1151 1942 alta

301 2000 428 2090 Anguis
446 1998 549 2065 humo
569 1998 662 2065 verni
679 1995 799 2064 blanda
818 1996 860 2063 ad
877 1997 1057 2090 spiramina
1077 1996 1153 2065 solis

303 2119 464 2210 Erigitur,
484 2117 567 2186 liber
585 2119 695 2205 senio,
717 2132 748 2186 et
766 2115 991 2209 squalentibus
1010 2121 1104 2186 annis

300 2231 444 2321 Exutus,
463 2233 610 2328 laetisque
627 2236 739 2304 minax
759 2237 932 2302 interviret
952 2235 1082 2303 herbis:

302 2353 356 2421 Ah
374 2350 488 2420 miser!
507 2368 672 2446 agrestum
692 2354 719 2418 si
736 2354 810 2444 quis
829 2377 889 2444 per
908 2378 1043 2445 gramen
1064 2355 1165 2422 hianti

302 2471 444 2556 Obvius,
464 2473 624 2563 et‘primo
642 2473 813 2539 siccaverit
832 2495 890 2538 ora
911 2497 1045 2540 veneno.

350 2590 437 2660 Huic
454 2614 587 2683 quoque
607 2603 799 2684 praestantes
816 2589 934 2659 AEtolis
953 2593 1089 2661 urbibus
1107 2591 1204 2660 affert

302 2707 384 2778 Belli
406 2710 491 2779 sama
510 2712 598 2779 viros
616 2737 624 2779 ε
640 2711 742 2779 sensit
758 2709 933 2805 scopulosa
952 2711 1089 2807 Pylene,

302 2829 459 2924 Fletaque
479 2833 627 2926 cognatis
643 2832 757 2900 avibus
775 2828 956 2926 Meleagria
975 2832 1138 2917 Pleuron,

302 2955 344 3019 Et
365 2976 510 3045 praeceps
531 2951 696 3045 Calydon,
716 2967 750 3019 et
768 2977 842 3044 qnae
861 2956 942 3020 Jove
963 2968 1121 3046 provocat
1137 2954 1220 3021 Iden

302 3069 443 3157 Olenos,
462 3073 565 3139 Ioniis
585 3087 619 3139 et
637 3071 794 3139 fluctibus
814 3073 944 3165 hospita
964 3088 1063 3165 portu

302 3188 451 3276 Chalcis,
468 3203 502 3257 et
516 3189 678 3259 Herculea
698 3205 850 3285 turpatus
868 3192 1030 3285 gymnade
1047 3191 1158 3262 vultus

300 3310 434 3393 Amnis3
455 3311 565 3378 adhuc
585 3312 659 3378 imis
674 3312 728 3378 vix
746 3326 898 3379 truncam
917 3311 1071 3382 attollere
1089 3314 1230 3383 frontem

301 3432 410 3496 Ausus
429 3430 538 3520 aquis,
556 3427 741 3522 glaucoque
758 3445 859 3523 caput
879 3433 1068 3502 submersus
1089 3437 1122 3502 in
1142 3450 1239 3503 antro

299 3548 421 3613 Moeret
438 3571 445 3612 :
464 3545 657 3615 anhelantes
677 3566 862 3642 aegrescunt
880 3551 1016 3644 pulvere
1037 3556 1127 3648 ripae.

349 3665 516 3733 Omnibus
531 3681 637 3734 aeratae
655 3686 870 3764 propugnant
887 3689 1022 3766 pectora
1040 3691 1165 3762 crates3

299 3783 437 3877 Pilaque
456 3810 540 3854 saeva
557 3811 678 3873 manu,
697 3792 825 3882 patrius
844 3807 909 3862 stat
927 3794 1052 3863 casside
1071 3799 1217 3865 Mavors.

291 3885 459 3998 lUndique
477 3910 726 4002 magnanimum
745 3913 850 4002 pubes
869 3913 996 3984 delecta
1018 3931 1181 3984 coronant

299 4008 474 4113 OEniden,
495 4027 633 4097 hilarem
651 4028 758 4116 bello,
775 4034 929 4126 notisque
950 4036 1108 4106 decorum
