2812 5258
55 421 152 488 lats.)
371 419 583 476 THEBAIDOS
606 416 715 472 LIBER
738 414 802 469 Vll.

55 550 131 616 Jam
152 544 269 629 levior,
290 542 385 612 tardo
403 543 556 612 llectebat
575 541 723 635 pondere
743 537 881 607 vultum.

107 669 156 735 Ut
174 668 200 733 si
220 662 354 758 quando
372 666 457 750 ruit,
477 660 720 754 debellatasque
737 658 872 751 reliquit

56 788 166 853 Eurus
187 809 303 876 aquas,
325 807 387 876 pax
407 784 477 876 ipsa
496 796 618 866 tumet,
638 795 843 875 pontumque
860 777 1023 870 jacentem

57 904 226 972 Exanimis
243 903 313 994 jam
331 902 432 971 volvit
453 903 582 971 hiems:
600 900 747 970 nondum
767 921 858 966 arma
878 895 997 964 carinis

57 1023 195 1108 Omnia,
217 1046 279 1089 nec
296 1036 366 1090 toto
381 1024 546 1115 respirant
561 1035 696 1115 pectore
710 1033 827 1087 nautae.

106 1141 253 1211 Finierat
270 1166 398 1236 pugnas
416 1143 525 1210 honor
543 1138 738 1233 exsequialis
756 1140 915 1219 inermes,

59 1259 211 1330 Necdum
228 1261 367 1329 aberant
386 1275 506 1346 coetus,
523 1261 716 1351 cunctisque
734 1255 905 1325 silentibus
919 1254 1016 1323 heros

59 1382 147 1452 Vina
164 1380 235 1450 solo
252 1379 393 1448 fundens
413 1381 556 1448 cinerem
574 1378 727 1473 placabat
742 1375 903 1446 Adrastus

60 1500 253 1569 Archemori
269 1526 278 1568 ε
293 1502 389 1585 «Da,
406 1524 522 1593 parve,
543 1515 637 1569 tuum
659 1496 827 1569 trieteride
845 1492 948 1563 multa

60 1620 250 1688 Instaurare
267 1619 369 1704 diem3
388 1645 447 1689 nec
468 1624 599 1691 saucius
619 1619 765 1692 Arcadas
784 1642 857 1686 aras

59 1736 157 1807 Melit
173 1739 263 1808 adire
281 1738 417 1835 Pelops,
434 1739 589 1834 Elaeaque
607 1741 717 1835 pulset
736 1739 864 1808 eburna

58 1857 194 1951 Templa
212 1882 331 1946 manu3
350 1885 410 1927 nec
424 1859 575 1929 Castaliis
593 1859 752 1929 altaribus
772 1859 907 1952 anguis,

58 1978 132 2047 Nee
151 2000 209 2043 sua
228 1979 380 2070 pinigero
398 1981 502 2073 magis
521 1978 656 2047 adnatet
677 1981 795 2047 umbre
811 1977 961 2046 Lechaeo.

58 2099 133 2167 Nos
152 2111 185 2163 te
203 2095 345 2190 lugenti,
364 2123 459 2190 puer,
480 2097 666 2167 inficiamur
684 2104 835 2181 Averno,

59 2218 246 2308 Moestaque
265 2218 435 2311 perpetuis
455 2215 627 2286 sollemnia
641 2219 813 2313 jungimus
834 2218 948 2303 astris;

61 2337 160 2406 Nune
181 2334 300 2404 festina
316 2337 438 2405 cohors
454 2363 462 2404 ε
481 2354 515 2407 at
535 2340 561 2406 si
580 2340 708 2407 Boeotia
727 2338 814 2406 ferro

61 2458 200 2526 Vertere
218 2471 303 2524 tecta
322 2455 432 2544 dabis,
449 2461 579 2552 magnis
597 2473 676 2528 tunc
693 2459 827 2555 dignior
847 2459 928 2542 aris,

60 2579 154 2645 Tunc
172 2579 282 2662 Deus3
305 2577 456 2646 Inachias
474 2602 535 2647 nec
552 2593 682 2647 tantum
698 2578 786 2647 culta
806 2602 865 2672 per
881 2576 981 2645 urbes

61 2697 222 2783 Numina,
241 2698 380 2790 captivis
397 2699 496 2765 etiam
511 2699 667 2790 jurabere
681 2699 846 2768 Thebis.»

61 2818 138 2885 Dux
153 2839 192 2884 ea
207 2840 269 2910 pro
286 2819 413 2886 cunetis
431 2843 438 2885 :
457 2815 571 2885 eadem
589 2817 650 2884 sibi
669 2819 810 2909 quisque
826 2815 976 2884 vovebat.

112 2938 188 3005 lam
202 2939 317 3031 pronis
334 2936 503 3007 Gradivus
521 2939 614 3030 equis
632 2937 795 3031 Ephyraea
813 2934 983 3029 premebat

62 3057 193 3144 Litora,
211 3079 279 3150 qua
297 3081 442 3127 summas
460 3073 561 3153 caput
580 3057 841 3128 Acrocorinthus
857 3056 892 3124 in
911 3079 1007 3122 auras

61 3174 180 3263 Tollit,
199 3192 234 3247 et
251 3176 380 3247 alterna
397 3181 567 3274 geminum
586 3202 679 3246 mare
696 3178 841 3271 protegit
859 3173 987 3243 umbra.

63 3296 146 3365 lnde
165 3322 269 3367 unum
287 3298 361 3367 dira
381 3300 538 3368 comitum
558 3298 600 3367 de
617 3297 713 3391 plebe
730 3301 893 3366 Pavorem

62 3417 304 3512 Quadrupedes
321 3420 448 3488 anteire
461 3420 579 3514 jubet:
596 3445 664 3489 non
685 3418 769 3488 alter
789 3416 927 3486 anhelos

63 3538 236 3607 Insinuare
252 3553 379 3627 metus,
395 3540 613 3633 animumque
627 3554 777 3608 avertere
792 3540 878 3608 veris

65 3658 204 3752 Aptior:
221 3658 404 3728 innumerae
418 3674 570 3728 monstro
587 3685 764 3754 vocesque,
781 3683 982 3754 manusque,

62 3780 105 3846 Et
120 3776 222 3845 facies
239 3801 445 3873 quaecunque
460 3778 543 3849 libet
559 3781 689 3851 :bonus
709 3781 821 3850 omnia
838 3779 928 3849 credi

62 3902 198 3986 Auctor,
214 3913 247 3966 et
264 3899 430 3970 horrificis
445 3900 617 3998 lymphare
633 3902 821 3971 incursibus
837 3901 947 3970 urbes.

63 4019 97 4085 Si
118 4021 266 4113 geminos
283 4018 384 4109 soles,
404 4023 599 4116 ruituraque
618 4022 755 4092 suadeat
770 4037 874 4108 esua,
