2812 5258
186 415 217 473 a.
231 418 281 480 a.)
374 410 496 466 vanua
516 409 688 466 acnums
709 410 749 464 ru
770 409 1033 466 raumauoua.
1166 409 1215 477 557

185 522 398 616 Semilcrique
416 526 534 593 animis
551 524 660 594 recolo
676 539 837 618 praecepta
855 527 1019 618 magistri,

186 645 255 712 Nec
273 669 412 738 puerum
432 645 542 714 decuit
559 644 709 714 muliebri
726 660 858 739 pectora
875 646 973 740 peplo

185 763 341 852 Induere,
362 781 395 835 et
409 782 554 835 teneram
569 790 682 859 gressu
700 765 854 835 simulare
874 766 1025 860 puellam.

185 887 286 954 Nunc
300 887 402 978 igitur
415 911 562 955 crescens
578 888 674 955 annis
691 887 873 979 sapientior
891 901 968 956 aetas

185 1008 328 1075 Devovit
344 1010 461 1094 Marti,
481 1008 588 1076 tenuit
604 1030 677 1099 quae
694 1006 794 1076 corda
812 1007 964 1101 Cupido,

72 1118 78 1125 ⁸
186 1129 675 1225 BelligerumqueDeumquum
684 1152 777 1197 mens
788 1143 858 1196 tum
868 1129 1013 1198 membra
1025 1145 1217 1223 sequuntur.

186 1252 332 1320 Stamina
350 1249 536 1342 linquentes
555 1264 692 1318 currant
711 1248 753 1317 ad
774 1247 901 1343 spicula
918 1248 1050 1343 palme,

185 1370 444 1463 Terrifrcumque
465 1385 566 1463 caput
584 1369 717 1464 praefixa
733 1369 858 1439 casside
876 1371 1008 1441 mitram

187 1490 304 1578 Pellat,
324 1491 408 1560 etin
428 1489 544 1584 gracili
562 1490 761 1560 decorentur
781 1504 930 1583 tempora
946 1491 1051 1578 ferro;

186 1615 286 1679 Arma
302 1624 415 1703 tegant
431 1625 580 1680 nostrum
600 1611 710 1704 potius
724 1633 823 1703 quam
839 1634 982 1704 suppara
998 1635 1133 1705 corpus;

186 1735 211 1800 Δ
231 1729 303 1800 telis
317 1731 365 1803 ad
378 1730 442 1801 tela
458 1732 551 1801 decet
570 1733 709 1801 transire
725 1733 912 1825 juventam,

187 1857 296 1944 Atque
315 1853 424 1922 hostes
441 1851 551 1946 gladio
568 1877 667 1946 quam
685 1851 776 1922 lanas
793 1852 930 1922 fundere
946 1852 1038 1932 fuso;

184 1975 310 2041 Tenuia
329 1972 437 2043 loricae
454 1973 572 2042 cedant
589 1972 736 2042 multicia
755 1972 850 2060 forti,

186 2091 363 2187 Splendeat
380 2109 411 2162 et
429 2109 541 2188 raptus
561 2096 707 2189 projecto
726 2096 856 2187 pectine
869 2118 1001 2179 mucr0;

186 2217 369 2283 Contemtis
385 2214 486 2283 radiis
500 2229 680 2284 onerentur
694 2215 828 2285 brachia
848 2214 932 2308 pilis.

186 2333 305 2405 Clausa
324 2334 381 2404 diu
400 2334 545 2405 thalamo
563 2336 739 2405 reddamus
756 2350 890 2431 pectora
905 2360 1045 2430 campo:

184 2457 358 2523 Praesumit
377 2470 499 2523 certam
517 2457 623 2522 virtus
642 2457 704 2522 sibi
720 2458 851 2524 conscia
869 2455 1029 2549 palmam,

184 2578 233 2643 Ac
250 2575 367 2644 dubios
385 2574 507 2667 gaudet
523 2573 667 2666 perferre
683 2577 833 2644 interrita
850 2600 954 2646 casus.

184 2691 241 2761 Nil
256 2708 380 2761 metuat
398 2695 454 2785 qui
468 2715 588 2783 magna
606 2693 698 2784 cupit
715 2717 722 2757 ε
742 2693 927 2761 constantia
942 2695 1061 2761 mentis

184 2816 264 2881 Fata
278 2812 405 2899 domat3
422 2837 483 2881 nec
497 2812 565 2905 jam
585 2813 670 2906 potis
684 2826 733 2878 est
749 2815 897 2881 Fortuna
911 2836 1029 2881 nouere

185 2937 309 3003 Securo
327 2935 456 3019 mortis,
474 2936 527 3001 cui
549 2958 616 3000 non
636 2947 713 3001 sunt
732 2930 816 3000 bella
834 2932 954 3000 timori.

185 3054 339 3122 Fortibus
355 3078 421 3121 una
436 3054 514 3121 viris
531 3053 708 3146 parilisque
726 3078 784 3146 per
802 3055 914 3121 omnia
933 3078 1003 3123 sors
1017 3070 1084 3139 est,

185 3180 251 3243 Aut
265 3173 380 3268 palmae
395 3189 454 3242 aut
472 3172 528 3241 leti
548 3174 728 3267 pugnando
742 3173 916 3267 adquirere
935 3172 1075 3243 laudem.

185 3298 328 3363 Cernere
342 3296 410 3387 jam
430 3293 554 3377 videor,
573 3310 696 3386 quanta
714 3295 862 3365 mercede
882 3297 1009 3365 cruoris

185 3416 358 3485 Constabit
376 3431 490 3512 raptus
507 3416 617 3485 Paridi
636 3419 826 3511 crimenque
835 3419 968 3512 jacenti.

186 3537 293 3606 Obvia
310 3540 462 3607 cristatus
478 3563 581 3632 quum
602 3541 758 3632 sparserit
773 3542 906 3630 agmina
924 3555 1051 3627 vertex,

184 3660 226 3725 Et
244 3657 313 3726 solo
331 3657 486 3753 adspectu
505 3659 700 3729 claudentur
718 3663 875 3753 Pergama
894 3677 1024 3749 nostro,

185 3778 362 3871 Quumque
382 3805 486 3849 novus
501 3780 590 3848 fusos
606 3779 744 3851 bellator
759 3780 876 3851 fudero
890 3786 1033 3854 Teucros
1050 3811 1058 3852 ε

184 3898 290 3966 Multa
308 3901 414 3968 trahet
434 3902 560 3969 Xanthi
579 3903 721 3994 Trojana
739 3903 897 3972 cadavera
916 3929 1053 3997 gurges,
