2812 5258
88 421 206 485 (aas.)
405 418 615 476 mosmos
628 388 746 472 'Lmen
764 417 832 471 v11.
1001 466 1006 476 .
1074 420 1127 474 ns

89 543 198 614 Solvit
211 543 333 629 hiems,
353 558 412 614 aut
431 545 517 611 vieta
538 544 605 612 situ
624 564 693 609 non
712 537 848 634 pertulit
866 555 963 622 setas;

87 661 207 732 Desilit
226 659 411 745 horrendus
425 685 544 757 campo
562 660 680 747 timor,
702 684 810 748 arma,
830 660 984 753 virosque

87 782 210 854 Limite
229 805 297 849 non
319 805 406 872 uno,
424 779 640 876 longaevaque
655 780 777 850 robora
796 803 907 849 seeum

86 902 318 995 Praecipitans,
338 899 540 995 tandemque
556 896 734 971 exhaustus
751 901 883 970 turbine
900 899 1004 986 fesso,

86 1026 152 1090 Aut
172 1018 291 1090 vallem
310 1036 424 1107 cavat,
442 1036 501 1090 aut
518 1019 645 1090 medios
664 1021 831 1115 intercipit
851 1044 975 1089 amnes.

133 1143 211 1210 Non
230 1165 324 1210 secus
340 1143 534 1237 ingentique
551 1143 624 1209 viro
643 1165 830 1236 magnoque
851 1155 1005 1236 gravmm

85 1264 189 1330 Temo
204 1265 295 1349 Deo,
317 1286 406 1330 nunc
424 1261 506 1344 hoo,
526 1286 614 1330 nunc
636 1259 692 1329 illo
710 1262 921 1357 insanguine
938 1261 1051 1331 servet.

85 1383 160 1474 ipse
180 1380 297 1450 sedens
315 1377 403 1468 telis,
420 1381 610 1474 pariterque
626 1381 793 1452 ministrat
811 1381 949 1453 habenis

82 1498 222 1570 Delius:
244 1501 314 1595 ipse
334 1498 431 1569 docet
443 1501 571 1594 jactus,
592 1499 797 1598 adversaque
813 1501 916 1570 flectit

83 1617 235 1714 Spicula,
256 1618 489 1714 fortunamque
505 1621 608 1691 hastis
626 1621 835 1693 venientibus
851 1620 971 1692 aufert.

82 1741 283 1808 Sternuntur
300 1755 396 1809 terrae
416 1738 567 1810 Menalas
586 1740 703 1835 pedes,
723 1742 891 1837 Antiphus
908 1740 976 1811 alto

83 1857 141 1931 Nil
162 1858 313 1929 defensus
333 1884 437 1951 equo,
456 1861 653 1954 genitusque
669 1859 866 1932 Heliconide
880 1862 1037 1956 Nympha

83 1976 239 2065 AEthidn,
257 2002 406 2071 caesoque
422 1977 555 2048 infamis
572 1979 674 2051 fratre
691 1978 838 2068 Polites,

80 2098 296 2192 Constusque
317 2094 398 2169 toris
415 2096 567 2168 vittatam
580 2100 743 2195 attingere
759 2102 878 2171 Manto

80 2219 228 2312 Lampus
248 2242 256 2285 :
277 2219 311 2285 in
331 2218 422 2287 hune
439 2242 548 2288 sacras
564 2219 710 2288 Phoebus
729 2219 820 2289 dedit
836 2221 906 2314 ipse
925 2222 1069 2316 sagittas.

126 2340 173 2407 Et
183 2337 253 2430 jam
269 2337 463 2433 cornipedes
481 2339 611 2434 trepida
626 2363 665 2408 ac
685 2339 884 2410 moribunda
901 2340 1053 2411 reflantes

80 2459 245 2552 Corpora,
263 2460 429 2546 rimantur
443 2472 564 2549 terras,
583 2460 757 2554 omnisque
774 2485 834 2555 per
847 2476 938 2532 artus
975 2468 978 2473 ’

80 2577 214 2668 Sulcus,
233 2593 267 2650 et
283 2581 394 2651 incisis
413 2577 518 2651 altum
535 2580 635 2651 rubet
652 2581 763 2651 orbita
780 2584 947 2653 membris.

80 2703 149 2768 Hos
168 2701 237 2792 jam
256 2701 446 2796 ignorantes
463 2701 540 2769 terit
558 2701 678 2794 impius
698 2702 785 2786 axis;
806 2699 907 2769 atilli

80 2820 226 2891 Vulnere
245 2822 440 2910 semineces,
459 2846 521 2890 nec
539 2820 686 2889 devitare
703 2819 862 2908 iaetrltas,

79 2944 267 3011 Venturum
286 2967 387 3037 super
404 2966 464 3011 ora
483 2939 619 3009 vident:
636 2939 706 3034 jam
723 2938 852 3010 lubrica
870 2943 948 3011 tabo

79 3064 200 3140 Frena,
220 3086 282 3130 nec
299 3044 405 3130 insisti
424 3060 576 3135 madidus
596 3059 655 3130 dat
671 3074 778 3148 temo,
799 3075 945 3157 rotaeque

80 3181 248 3275 Sanguine
266 3179 434 3269 difficiles,
451 3195 485 3249 et
499 3179 626 3249 tardior
644 3177 770 3274 ungula
790 3180 885 3251 fossis

78 3300 293 3369 Visceribus:
315 3313 401 3388 tunc
412 3301 482 3393 ipse
501 3299 613 3369 furens
632 3301 668 3368 in
686 3315 793 3370 morte
811 3301 928 3373 relicta

76 3418 227 3514 Spicula,
249 3435 317 3490 ete
337 3418 455 3489 mediis
473 3435 636 3488 exstantes
653 3420 784 3490 ossibus
801 3422 913 3491 hastas

76 3538 198 3611 Avellit
216 3568 223 3609 :
243 3542 387 3611 stridunt
402 3542 538 3629 anima,
557 3540 970 3637 currumque'sequuntur.

124 3659 272 3729 Tandem
291 3686 325 3730 se
347 3659 471 3731 famulo
489 3685 655 3729 summum
673 3661 841 3731 confessus
857 3662 996 3757 Apollo,

76 3778 208 3848 «Utere
227 3777 298 3847 luce
315 3793 387 3867 tua,
405 3780 622 3875 longamque,
644 3781 709 3868 ait,
728 3780 828 3851 indue
848 3781 988 3871 lamam,

75 3903 168 3970 Dum
187 3899 246 3966 tibi
267 3923 320 3968 me
333 3899 488 3993 junctum
505 3925 594 3970 mors
611 3901 794 3971 irrevocata
811 3917 955 3972 veretur.

76 4021 276 4091 vincimur:
299 4021 439 4113 immites
459 4023 523 4114 scis
544 4019 635 4092 nulla
651 4021 821 4092 revolvere
836 4024 959 4092 Parcas
1022 4094 1025 4099 ,

215 4161 252 4209 11.
929 4157 952 4224 3
