2812 5258
336 351 391 407 130
633 353 842 411 amarmos
863 341 971 408 nmen
993 352 1070 406 vm.
1259 349 1290 408 o.
1303 349 1373 409 ro)

333 481 546 548 Concurrunt
561 504 620 572 per
636 478 734 547 inane
749 476 860 561 sudes,
878 492 911 544 et
928 491 1043 543 mutua
1058 474 1202 569 perdunt

332 598 496 685 Vulnera,
509 611 713 668 concurrunt
727 596 845 679 hastae,
858 594 1029 664 stridentia
1043 594 1154 665 fundae

332 722 416 788 Saxa
430 718 564 813 pluunt,
581 715 730 786 volucres
745 717 919 784 imitantur
932 714 1067 809 fulgura
1081 713 1231 808 glandes,

330 845 373 908 Et
386 837 601 907 formidanda
615 862 683 904 non
697 860 765 905 una
778 850 885 904 morte
900 837 1035 930 sagittae.

331 962 401 1029 Nec
416 959 507 1027 locus
523 959 566 1028 ad
581 973 705 1027 terram
720 955 794 1027 telis
809 983 817 1025 :
833 959 1022 1050 incorpora
1037 956 1159 1026 ferrum

332 1082 442 1148 Omne
454 1078 564 1148 cadit:
581 1104 665 1172 saepe
679 1079 786 1172 ignari
802 1078 1051 1170 perimuntque,
1066 1076 1273 1168 caduntque;

329 1201 432 1267 Casus
446 1201 514 1294 agit
528 1200 672 1268 Virtutis
685 1223 770 1293 opus
786 1224 793 1264 :
810 1222 898 1266 nunc
913 1197 1011 1266 turba
1026 1196 1166 1279 recedit,

330 1322 430 1389 Nunc
444 1320 579 1414 premit,
593 1345 633 1389 ac
648 1321 773 1388 vicibus
787 1317 939 1407 tellurem
952 1319 1090 1401 amittit,
1107 1333 1139 1386 et
1155 1317 1270 1386 aufert.

380 1443 426 1508 Ut
441 1442 545 1508 ventis
561 1441 747 1531 nimbisque
760 1439 871 1506 minax
887 1462 989 1530 quum
1003 1437 1103 1506 solvit
1116 1438 1259 1506 habenas

327 1561 495 1653 luppiter,
510 1559 690 1653 affligitque
704 1558 833 1626 alterno
851 1556 983 1626 turbine
1000 1557 1177 1644 mundum,

330 1684 403 1749 Stat
416 1679 488 1750 coeli
503 1680 635 1779 diversa
648 1682 750 1765 acies,
764 1704 854 1748 nunc
868 1679 986 1747 fortior
1000 1681 1130 1763 Austri,

330 1803 428 1868 Nunc
442 1799 616 1893 Aquilonis
631 1801 751 1880 hiems,
765 1799 870 1868 donec
884 1813 1054 1893 pugnante
1067 1797 1211 1892 procella

332 1923 397 1987 Aut
412 1921 522 1988 nimiis
537 1921 591 1989 hic
605 1924 683 1990 vicit
697 1922 809 2013 aquis,
823 1934 882 1988 aut
896 1917 950 1988 ille
964 1943 1091 1989 sereno.

379 2040 584 2134 Principium
603 2066 721 2134 pugnae
740 2056 865 2110 turmas
883 2042 1026 2135 Asopius
1042 2044 1193 2137 Hypseus

329 2158 507 2246 OEbalias,
527 2185 671 2254 namque
689 2161 739 2229 hae
757 2186 916 2255 magnum
933 2175 966 2229 et
983 2160 1105 2255 gentile
1122 2177 1285 2231 tumentes

332 2281 516 2347 Euboicum
535 2281 627 2348 duris
646 2295 806 2371 rumpunt
824 2280 1025 2348 umbonibus
1043 2304 1179 2372 agmen,

330 2397 490 2492 Reppulit
509 2413 622 2491 erepto
642 2400 735 2465 cunei
757 2397 894 2467 ductore
913 2397 1076 2467 Menalca.

330 2522 392 2587 Hic
411 2535 444 2586 et
459 2532 566 2586 mente
584 2520 716 2601 Lacon,
734 2515 829 2584 crudi
851 2519 1006 2586 torrentis
1024 2515 1193 2596 alumnus,

329 2643 400 2708 Nec
420 2639 565 2731 turpavit
585 2661 682 2722 avos,
701 2637 831 2707 hastam
853 2640 938 2708 intra
956 2654 1069 2733 pectus
1089 2653 1241 2723 euntem,

329 2763 380 2830 Ne
400 2759 507 2853 pudor
527 2761 561 2826 in
581 2774 693 2854 tergo,
712 2774 821 2853 peret
838 2785 912 2829 ossa
931 2775 965 2828 et
981 2761 1106 2828 viscera
1124 2772 1212 2825 retro

328 2881 498 2965 Extrahit,
517 2894 617 2972 atque
637 2881 723 2948 lrosti
742 2880 856 2950 dextra
874 2881 1002 2949 labente
1021 2880 1159 2947 remittit

328 3002 549 3092 Sanguineam
571 2992 578 3067 Ξ
601 2999 719 3068 dilecta
737 3002 830 3093 genis
848 2998 1020 3069 morientis
1039 2999 1196 3068 oberrant

328 3123 491 3212 Taygeta,
509 3136 541 3188 et
559 3145 695 3213 pugnae,
715 3119 913 3211 laudataque
931 3120 1068 3188 verbera
1088 3123 1195 3188 matri.

375 3239 566 3307 Phaedimon
585 3240 713 3308 Iasiden
734 3264 811 3307 arcu
821 3241 979 3309 Dircaeus
997 3245 1154 3333 Amyntas

329 3361 480 3426 Destinat
500 3385 507 3425 :
529 3360 592 3427 lieu
612 3358 731 3427 celeres
749 3355 872 3426 Parcae!
891 3359 960 3452 jam
980 3359 1120 3453 palpitat
1137 3361 1223 3427 arvis

326 3477 529 3563 Phaedimus,
549 3493 582 3545 et
598 3480 678 3545 certi
700 3477 848 3546 nondum
867 3494 955 3546 tacet
974 3505 1070 3548 arcus
1088 3484 1248 3573 Amyntae.

324 3597 470 3667 Abstulit
486 3623 525 3666 ex
541 3598 679 3666 humero
696 3598 845 3668 dextram
863 3600 1064 3693 Calydonius
1083 3604 1209 3694 Agreus

327 3721 472 3811 Phegeos
491 3745 498 3785 :
518 3717 574 3785 illa
590 3743 686 3787 suurn
703 3734 792 3787 terra
810 3736 897 3790 tenet
916 3722 1067 3813 improba
1084 3720 1227 3807 serrum,

326 3842 365 3906 Et
385 3853 495 3905 movet
513 3865 520 3904 :
540 3840 691 3906 extimuit
707 3864 820 3933 sparsa
838 3842 923 3909 inter
941 3839 1005 3908 tela
1021 3843 1187 3938 jacentem

326 3957 565 4052 Progrediens,
586 3973 803 4051 truncamque
824 3975 933 4030 tamen
951 3964 1114 4054 percussit
1130 3967 1271 4033 Acoetes.
