2812 5258
74 463 106 524 n.
120 458 186 523 ιη.)
397 457 587 512 suvanuu
606 456 713 512 mnan
733 458 767 509 v.

74 585 109 653 si
129 599 166 652 tu
184 585 286 677 stirpe
305 597 417 668 vetus,
436 581 594 673 famaeque
614 582 753 649 obscura
766 583 908 675 jaceres,

73 701 131 772 Nil
148 701 269 797 gentile
289 717 438 786 tumens,
458 699 515 770 illo
533 716 565 768 te
579 699 650 769 cive
671 703 827 794 probares

72 825 224 910 Graiam,
240 836 339 915 atque
354 821 502 891 Euboico
520 822 682 914 majorum
696 823 853 915 sanguine
867 821 954 892 duci.

74 942 135 1014 Ille
154 944 220 1012 tuis
237 945 334 1012 toties
353 943 553 1035 praestrinxit
567 956 716 1035 tempora
731 944 839 1029 sertis,

73 1064 187 1151 Quum
205 1077 289 1132 stata
303 1061 437 1130 laudato
455 1076 588 1130 caneret
605 1062 842 1153 Quinquennia
861 1086 973 1149 versu,

74 1186 142 1253 Ora
161 1207 391 1278 supergressus
407 1180 490 1275 Pylii
507 1181 608 1268 senis,
625 1205 748 1274 oraque
759 1183 846 1275 regis

72 1303 234 1391 Dulichii,
251 1304 423 1397 specieque
434 1326 563 1370 comam
583 1302 749 1370 subnexus
767 1318 916 1395 utraque.

121 1427 197 1495 Non
216 1424 274 1493 tibi
293 1423 454 1491 deformes
470 1422 603 1491 obscuri
620 1423 788 1517 sanguinis
808 1436 916 1503 ortus,

73 1546 144 1615 Nec
162 1545 233 1613 sine
251 1542 322 1614 luce
336 1568 438 1638 genus
457 1541 668 1637 (quanquam
685 1541 818 1610 fortuna
831 1554 1007 1634 parentum

73 1665 205 1734 Arctior
224 1664 410 1759 expensis);
430 1665 551 1733 etenim
569 1678 602 1731 te
622 1662 724 1731 divite
742 1664 807 1733 ritu

73 1787 199 1852 Ponere
216 1808 400 1877 purpureos
420 1783 557 1852 infantia
574 1783 684 1878 adegit
702 1785 842 1852 amictus

72 1904 191 1996 Stirpis
208 1903 335 1971 honore
355 1901 464 1989 datos,
481 1917 515 1970 et
533 1901 642 1971 nobile
660 1906 801 1996 pectoris
821 1927 950 1973 aurum.

73 2025 236 2090 Protenus
249 2035 365 2091 exorto
383 2020 534 2089 dextrum
552 2022 651 2090 risere
668 2047 795 2091 sorores

72 2137 234 2227 Aonides,
252 2164 422 2234 pueroque
438 2138 557 2233 chelyn
575 2142 756 2227 summisit,
772 2156 806 2209 et
825 2166 884 2210 ora

72 2259 196 2329 Imbuit
214 2284 311 2328 arnne
326 2284 435 2345 sacro,
453 2259 523 2352 jam
541 2275 612 2328 tum
635 2261 694 2328 tibi
713 2259 873 2347 blandus,
891 2259 1020 2356 Apollo.

72 2381 143 2449 Nec
161 2379 299 2472 simplex
317 2381 430 2474 patriae
447 2379 563 2467 decus;
581 2396 614 2449 et
628 2380 746 2450 natalis
762 2383 856 2476 origo

75 2499 201 2568 Pendet
218 2515 274 2568 :et
287 2501 441 2594 ambiguo
459 2501 597 2595 gemina>
611 2503 789 2571 certamine
807 2518 919 2591 terrae,

74 2620 122 2688 Te
135 2620 176 2687 de
191 2633 289 2714 gente
306 2644 404 2688 suum
420 2622 524 2689 Latiis
541 2620 664 2689 adscita
685 2620 809 2692 colonis

76 2737 179 2807 Graia
194 2739 295 2809 refert
315 2737 400 2809 Selle
414 2764 422 2806 ε
437 2741 559 2809 Graius
575 2765 641 2833 qua
657 2765 767 2834 puppe
781 2743 938 2834 magister

76 2857 228 2947 Excidit,
246 2874 281 2928 et
293 2858 410 2928 mediis
426 2860 525 2928 miser
542 2858 710 2952 evigilavit
728 2861 762 2927 in
780 2859 889 2927 undis.

123 2981 232 3048 Maeon
252 2994 285 3049 et
299 2979 377 3048 iude
392 3003 488 3047 suum
508 2979 609 3073 longo
627 2982 746 3072 probat
762 2979 878 3047 ordine
896 2981 972 3048 vitae

79 3099 282 3185 Maeoniden,
299 3098 370 3168 aliae
387 3114 488 3192 atque
504 3098 576 3167 aliis
594 3099 758 3168 natalibus
776 3099 873 3168 urbes

77 3218 264 3313 Diripiunt,
283 3234 475 3314 cuncteque
493 3219 661 3313 probant:
684 3244 751 3287 non
773 3218 927 3287 omnibus
941 3217 996 3289 ille

74 3339 198 3423 Verus3
215 3338 273 3407 alit
288 3342 391 3410 victos
411 3342 564 3410 immanis
581 3337 686 3435 gloria
703 3337 785 3408 falsi.

122 3464 230 3551 Atque
250 3459 296 3528 ibi
315 3459 394 3530 dum
409 3463 535 3555 profers
554 3486 677 3550 annos,
695 3461 860 3554 vitamque
877 3460 1015 3550 salutas,

75 3582 238 3648 Protenus
256 3579 298 3648 ad
315 3582 413 3673 patrii
432 3585 556 3677 raperis
572 3583 754 3652 certamina
772 3582 869 3653 lustri

77 3699 144 3768 vix
163 3697 330 3793 implenda
344 3699 438 3785 viris,
454 3701 589 3773 laudum
608 3704 763 3792 festinus,
781 3720 816 3773 et
832 3705 940 3774 audax

74 3819 203 3913 Ingenii
222 3845 229 3886 :
248 3819 375 3912 stupuit
391 3819 545 3913 primaeva
563 3824 605 3892 ad
624 3829 770 3893 carmina
790 3825 900 3918 plebes

75 3942 217 4028 Euboea,
236 3956 269 4009 et
288 3943 372 4010 natis
391 3956 424 4011 te
444 3959 667 4014 monstravere
683 3960 846 4039 parentes.

77 4060 160 4130 lnde
180 4060 335 4155 frequens
354 4061 489 4156 palme,
506 4063 662 4157 nulloque
680 4063 821 4156 ingloria
838 4089 930 4133 sacro
