2812 5258
340 431 393 493 aab
634 417 845 475 annuamus
868 415 980 472 LIBER
1002 414 1054 469 111ss
1256 413 1292 476 (v.
1306 414 1377 472 ιω.)

339 551 450 618 Nocte
468 545 556 612 subit
576 568 724 636 campos,
744 555 916 632 versatque
939 540 973 606 in
990 538 1150 632 sanguine
1170 536 1329 608 functum

343 664 489 757 Vulgus,
510 677 542 731 et
558 662 706 755 explorat
722 685 850 746 manes,
870 660 924 727 cui
944 657 1086 751 plurima
1104 658 1202 726 busto

339 788 485 876 Imperet
505 782 546 849 ad
563 786 706 875 Superos
724 807 731 848 :
749 781 934 848 animarum
951 792 1066 846 moesta
1084 792 1271 871 queruntur

342 901 509 989 Concilia,
527 917 560 970 et
578 903 663 995 nigri
681 916 775 996 pater
787 898 977 992 indignatur
995 900 1128 967 Averni.

390 1019 443 1088 llli
463 1022 496 1087 in
513 1046 639 1089 secessu
657 1021 781 1115 pariter
798 1020 859 1088 sub
876 1044 958 1112 rupe
975 1018 1131 1112 jacebant

344 1139 481 1226 Felices,
501 1166 584 1233 quos
603 1164 668 1208 una
686 1140 767 1226 dies,
785 1165 901 1209 uranus
916 1137 1051 1209 abstulit
1070 1163 1150 1226 una,

346 1261 462 1345 Perria
480 1259 669 1326 vulneribus
687 1258 793 1326 media
812 1262 902 1329 trabe
919 1274 1054 1353 pectora
1070 1259 1155 1327 nexi.

346 1383 394 1449 Ut
413 1377 511 1466 vidit,
528 1376 745 1471 lacrymisque
767 1376 854 1447 oculi
875 1394 1011 1472 patuere
1028 1378 1195 1473 profusis:

394 1504 531 1568 «Hosne
552 1523 613 1592 ego
631 1496 838 1591 complexus,
857 1499 1013 1591 genitrix,
1027 1498 1096 1567 bae'c
1111 1496 1241 1585 oscula,
1259 1499 1349 1586 nati,

347 1621 465 1687 Vestra
482 1616 574 1685 tuor?
591 1617 637 1684 sic
657 1641 713 1684 vos
729 1631 876 1685 extremo
892 1618 926 1684 in
941 1616 1007 1685 fine
1025 1616 1139 1713 ligavit

347 1737 523 1830 Ingenium
542 1734 675 1804 crudele
692 1735 798 1803 necis?
815 1760 887 1829 quae
903 1735 1040 1806 vulnera
1056 1750 1210 1825 tractem,

348 1860 431 1947 Quae
451 1857 542 1949 prius
559 1879 618 1926 ora
638 1854 805 1948 premam?
821 1880 920 1924 vosne
938 1855 993 1925 illa
1012 1857 1160 1952 potentin
1175 1856 1309 1946 matris,

350 1980 418 2046 Vos
435 1976 521 2044 uteri
538 1974 670 2043 fortuna
683 1973 770 2044 mei?
786 2000 852 2070 qua
868 1990 1003 2070 tangere
1018 1978 1120 2047 Divos

351 2097 471 2183 Rebar,
489 2109 522 2163 et
542 2096 686 2190 Ogygias
708 2093 813 2163 titulis
829 2097 953 2164 anteire
975 2113 1136 2189 parentes.

349 2221 393 2287 At
410 2230 534 2309 quanto
554 2214 687 2303 melius,
707 2216 884 2309 dextraque
902 2218 936 2284 in
954 2232 1041 2286 sorte
1057 2220 1198 2314 jugata),

351 2334 435 2423 Quis
451 2334 575 2403 steriles
594 2333 748 2421 thalami,
766 2334 922 2429 nulloque
938 2335 1064 2407 ululata
1084 2338 1199 2409 dolore

351 2456 508 2548 Respexit
524 2456 652 2523 Lucina
670 2452 822 2523 domum!
841 2457 923 2524 mihi
941 2460 1063 2553 quippe
1078 2458 1244 2531 malorum

352 2582 459 2647 Causa
474 2572 568 2642 labor
584 2599 592 2641 :
610 2573 666 2642 sed
684 2598 743 2642 nec
760 2573 922 2644 bellorum
944 2579 977 2645 in
997 2576 1069 2647 luce
1086 2580 1215 2675 patenti

352 2696 531 2792 Conspicui
545 2694 653 2782 factis,
674 2709 859 2789 aeteruaque
877 2699 1030 2790 gentibus
1048 2702 1139 2789 ausi,

354 2815 522 2902 Quaesistis
538 2816 662 2884 miserae
681 2814 799 2884 vulnus
814 2817 1024 2886 memorabile
1042 2821 1161 2906 matri;

353 2935 416 3002 Sed
432 2949 570 3004 mortem
581 2935 769 3022 obscuram,
787 2937 1036 3031 miserandaque
1051 2938 1167 3008 funera
1183 2942 1282 3035 passi.

353 3061 426 3125 lleu
443 3070 584 3148 quantus
601 3054 690 3123 furto
707 3080 817 3143 cruor,
835 3072 868 3125 et
884 3059 953 3126 sine
970 3056 1066 3126 laude
1079 3056 1213 3152 jacetis!

354 3176 446 3263 Quin
462 3199 524 3269 ego
543 3199 609 3242 non
629 3173 759 3244 dextras
777 3178 903 3245 miseris
922 3177 1147 3271 complexibus
1160 3181 1269 3249 ausim

354 3291 525 3381 Dividere,
541 3310 575 3362 et
592 3297 673 3362 tanti
694 3299 858 3365 consortia
878 3322 1030 3390 rumpere
1049 3298 1128 3368 leti:

354 3413 405 3479 lte
422 3411 479 3480 diu
496 3412 631 3499 fratres,
651 3414 884 3507 indiscretique
901 3422 1061 3507 supremis

354 3535 504 3625 Ignibus,
525 3547 557 3599 et
574 3557 666 3600 caros
686 3558 769 3600 urna
788 3530 977 3600 confundite
996 3555 1119 3599 manes.

399 3655 468 3720 Nec
487 3652 593 3719 miuus
613 3652 736 3718 interea
755 3649 879 3743 digesta
898 3662 1004 3741 strage
1023 3674 1157 3718 suorum

353 3772 438 3839 Hinc
456 3770 659 3840 Chthonium
677 3769 808 3860 conjux,
828 3767 906 3835 bine
925 3783 1030 3835 mater
1045 3767 1191 3837 Penthea
1206 3766 1334 3842 clamat

352 3893 529 3985 Astyoche,
550 3890 709 3983 puerique
722 3886 818 3955 rudes
833 3900 909 3972 tua,
928 3888 1109 3974 Plraedime,
1122 3886 1233 3980 proles

351 4012 517 4083 Amissum
537 4008 680 4077 didicere
697 4021 842 4100 patrem,
863 4010 1089 4100 Marpissaque
1102 4021 1238 4099 pactum
