2812 5258
91 403 125 464 (v.
138 402 208 467 tot.)
410 400 624 457 THEBMDOS
646 401 756 458 LIBER
777 404 809 457 V.
1097 408 1134 471 47

143 532 275 595 Interea
293 525 437 618 campis,
457 525 604 593 nemoris
622 548 715 592 sacer
735 525 858 595 horror
874 523 1003 609 Aehaei,

89 647 271 740 Terrigena
286 645 428 739 erigitur
443 667 597 738 serpens,
616 659 791 738 tractoque
808 641 918 721 soluto

90 769 274 835 immanem
288 788 357 834 sese
371 763 479 850 uehit,
494 786 534 833 ac
549 777 625 858 post
640 778 732 858 terga
747 761 915 858 relinquit.

89 883 212 955 Livida
226 883 281 954 fax
295 882 421 953 oculis:
438 881 557 955 tumidi
571 897 638 953 stat
652 885 687 955 iu
702 907 763 952 ore
774 883 895 953 veneni

90 1010 219 1102 Spuma
232 1005 361 1090 virens,
379 1017 430 1072 ter
442 1001 557 1099 lingua
571 1003 697 1091 vibrat,
712 1017 807 1074 terna
821 1005 955 1099 agmina
969 1003 1089 1073 adunci

92 1129 227 1214 Dentis,
244 1139 279 1196 et
293 1139 417 1195 auratae
432 1123 577 1196 crudelis
593 1122 699 1218 gloria
716 1122 835 1193 frontis

92 1249 272 1319 Prominet.
289 1246 428 1316 Inachio
443 1258 596 1313 sanctum
613 1244 726 1312 dixere
742 1244 887 1315 Tonanti
929 1320 935 1335 ,

91 1367 276 1464 Agricolae,
296 1366 350 1436 cui
369 1389 452 1435 cura
469 1361 554 1448 loci,
573 1378 606 1433 et
623 1362 829 1435 silvestribus
845 1366 912 1434 aris

90 1492 222 1583 Pauper
237 1489 344 1555 honos
360 1511 368 1554 :
384 1510 473 1556 nunc
489 1483 544 1555 ille
559 1486 622 1555 Dei
637 1483 843 1555 circumdare
858 1483 981 1579 templa

91 1610 185 1680 Orbe
203 1631 289 1703 vago
306 1607 439 1694 labens,
459 1608 585 1677 miserae
603 1632 692 1677 nunc
712 1607 834 1677 robora
852 1605 942 1676 silvae

89 1731 231 1817 Atterit,
252 1743 286 1798 et
303 1743 413 1798 vastas
431 1742 545 1798 tenuat
560 1727 787 1822 complexibus
802 1753 914 1798 ornos.

90 1856 187 1947 Saepe
207 1876 307 1946 super
323 1851 442 1920 fluvios
461 1851 599 1944 gemina
614 1851 703 1943 jacet
723 1875 843 1945 aggere
859 1853 940 1945 ripa
1014 1923 1016 1926 ,

91 1974 301 2058 Continuus,
317 1971 529 2065 squamisque
545 1971 669 2039 incisus
685 1969 844 2039 adaestuat
861 1973 977 2041 amnis.

93 2093 160 2163 Sed
182 2118 273 2163 nunc
291 2093 413 2189 Ogygii
427 2093 527 2183 jussis
544 2090 680 2185 quando
699 2093 808 2161 omnis
827 2090 963 2163 anhelat

90 2219 198 2284 Terra
215 2216 298 2299 Dei,
321 2213 520 2307 trepideque
536 2210 640 2281 latent
658 2214 693 2281 in
712 2210 848 2307 pulvere
867 2211 1046 2307 Nymphae,

91 2339 216 2408 saevior
235 2334 386 2404 anfractu
404 2333 545 2407 laterum
556 2335 698 2423 ¹sinuosa
717 2348 914 2427 retorquens

91 2461 199 2553 Terga
214 2456 301 2543 solo,
316 2456 460 2548 siccique
473 2479 596 2524 nocens
611 2454 693 2523 furit
705 2456 782 2551 igne
796 2458 922 2525 veneni.

92 2582 216 2674 Stagna
232 2602 307 2672 per,
322 2591 516 2669 arentesque
529 2574 638 2664 lacus,
653 2575 826 2670 fontesque
843 2602 1011 2671 repressos

95 2698 264 2786 Volvitur,
280 2714 314 2766 et
327 2700 440 2766 vacuis
455 2698 633 2768 fluviorum
649 2699 684 2765 in
700 2696 839 2767 vallibus
853 2713 965 2767 errat:

93 2818 308 2912 Incertusque
322 2820 373 2888 sui
389 2816 551 2911 liquidum
568 2841 658 2886 nunc
672 2842 751 2887 aera
764 2816 881 2886 lambit

92 2945 162 3012 ore
179 2941 353 3033 supinato,
374 2963 465 3007 nunc
483 2962 562 3006 arva
583 2939 749 3033 gementia
767 2936 886 3007 radens

93 3064 222 3132 Pronus
240 3060 385 3129 adhaeret
401 3059 521 3147 humo,
544 3061 570 3127 si
589 3058 670 3154 quid
689 3060 866 3131 viridantia
886 3061 1006 3133 sudent

92 3184 255 3252 Gramina
274 3208 282 3252 ε
304 3205 465 3277 percussae
485 3179 601 3250 calidis
618 3180 783 3250 afflatibus
799 3182 925 3270 herbae,

92 3305 170 3392 Qua
192 3302 267 3372 tulit
283 3328 359 3388 ora,
378 3302 519 3387 cadunt,
536 3304 744 3395 moriturque
761 3302 803 3371 ad
820 3303 916 3372 sibila
932 3329 1078 3399 campus.

139 3425 294 3512 Quantus
310 3423 352 3492 ab
368 3425 499 3493 Arctois
517 3424 720 3493 discriminat
736 3425 857 3493 aethera
872 3423 1029 3521 planstris

89 3546 219 3639 Anguis
236 3544 278 3614 ad
294 3568 400 3638 usque
415 3546 540 3630 Notos,
559 3543 772 3639 alienumque
789 3549 856 3618 exit
873 3549 906 3617 in
923 3549 1061 3618 orbem:

89 3662 246 3751 Quantus
266 3678 298 3732 et
317 3662 372 3733 ille
392 3665 477 3734 sacri
496 3666 594 3758 spiris
615 3667 740 3735 intorta
760 3668 915 3737 movebat

89 3782 228 3852 Cornua
248 3786 417 3868 Parnassi,
437 3784 543 3853 donec
562 3785 639 3871 tibi,
659 3785 771 3874 Delie,
788 3787 872 3857 fixus

89 3904 188 3972 Vexit
204 3903 422 3973 arundineam
439 3921 581 3975 centeno
601 3905 738 3977 vulnere
755 3909 881 3980 silvam.

139 4025 224 4113 Quis
241 4023 320 4112 tibi,
339 4048 460 4119 parve,
477 4029 568 4096 Deus
584 4043 652 4097 tam
668 4032 778 4124 magni
796 4033 944 4124 pondera
959 4036 1015 4106 lati
