2812 5258
79 468 193 531 (mgb.)
377 464 589 519 rnnnnnos
608 464 718 517 Linea
735 463 804 517 χιι,
1057 473 1110 530 ψ

80 602 190 687 Atque
208 593 264 660 ubi
285 615 341 685 per
361 615 495 682 campos
513 612 625 656 errore
644 587 793 656 fatiscere
814 613 900 656 vano

80 714 282 782 Immeritam
303 711 428 804 Argian
448 733 568 803 supero
589 709 733 802 respexit
752 707 794 775 ab
815 733 893 792 axe,

82 831 230 901 Indoluit
249 831 320 898 visu
340 856 348 896 ε
367 845 400 897 et
421 827 593 896 lunaribus
611 829 708 897 obvia
728 829 814 921 bigis

82 950 233 1021 Advertit
253 975 408 1035 currum,
431 947 624 1042 placidaque
641 950 686 1016 ita
705 973 785 1016 voce
806 947 915 1016 locuta
935 962 1008 1015 est:

83 1100 100 1134 α
113 1074 166 1140 Da
184 1071 265 1138 mibi
284 1070 433 1164 poscenti
452 1092 573 1136 munus
590 1068 709 1152 breve,
727 1068 892 1159 Cynthia,
913 1070 939 1135 si
960 1067 1035 1158 quis

82 1193 141 1259 Est
158 1191 297 1258 Junonis
315 1189 423 1256 honos
441 1213 449 1254 ε
467 1201 555 1254 certe
573 1188 663 1254 lovis
683 1186 833 1279 improba
850 1187 943 1279 jussu

81 1312 278 1377 Tamoctem
296 1304 489 1375 Herculeam
507 1331 514 1375 :
533 1320 657 1375 veteres
676 1305 734 1373 sed
753 1306 850 1375 mitto
871 1303 1045 1399 querelas:

83 1431 135 1496 Eu
154 1427 245 1496 locus
263 1425 374 1495 officio
393 1452 400 1493 :
420 1424 542 1494 cultrix
560 1424 780 1519 placidissima
800 1428 904 1494 nostri

83 1548 214 1616 Inachis
232 1547 333 1640 Argia
350 1547 458 1614 cernis
476 1569 543 1646 qua
561 1559 659 1614 uncte
680 1561 829 1640 vagetur,

83 1669 154 1737 Nec
172 1669 317 1761 reperire
336 1668 443 1734 virum
459 1665 569 1734 densis
585 1679 683 1758 queat
702 1690 792 1761 aegra
809 1664 975 1734 tenebris?

83 1792 128 1856 Et
146 1789 206 1856 tibi
227 1788 412 1855 nimbosum
432 1784 568 1881 languet
583 1786 708 1879 jubar:
730 1810 825 1853 exere
846 1810 957 1878 quaeso

85 1911 237 1992 Cornua,
254 1923 287 1975 et
304 1920 436 1975 assueto
454 1906 593 1999 propior
609 1919 740 1999 premat
756 1905 865 1972 orbita
879 1919 995 1973 terras.

86 2031 184 2096 Hunc
204 2051 354 2119 qunque,
372 2027 429 2118 qui
445 2047 547 2092 curru
564 2022 713 2090 madidas
731 2022 791 2090 tibi
810 2048 935 2117 pronus
952 2023 1097 2091 habenas

85 2148 203 2232 Ducit,
224 2148 258 2214 in
278 2146 402 2214 Aonios
419 2141 533 2237 vigiles
552 2142 688 2211 demitte
705 2145 906 2236 Soporem.»

134 2268 201 2336 Vix
220 2290 276 2351 ea,
294 2288 398 2358 quum
418 2265 527 2331 scissis
547 2287 705 2357 magnum
722 2262 781 2330 dea
801 2263 944 2331 nubibus
959 2264 1075 2332 orbem

87 2383 255 2457 Protulit:
274 2407 434 2477 expavere
454 2382 595 2470 nmbrae,
614 2381 791 2477 fulgorque
809 2384 932 2452 recisus

89 2505 283 2575 Sideribus:
304 2505 359 2571 vix
378 2505 447 2596 ipsa
467 2500 545 2570 tulit
563 2504 719 2571 Saturnia
739 2503 896 2572 flammas.

88 2628 235 2695 Primum
256 2649 316 2719 per
334 2647 469 2715 campos
490 2622 599 2690 infuso
619 2621 761 2710 lumine,
780 2623 902 2717 pallam

89 2746 248 2840 Coujugis
266 2747 337 2839 ipsa
354 2767 430 2812 suos
446 2742 552 2810 noscit
572 2742 757 2811 miseranda
778 2742 922 2830 labores,

89 2867 289 2958 Quanquam
305 2879 394 2932 texta
409 2860 528 2950 latent,
543 2861 733 2955 suffusaque
752 2865 913 2958 sanguine
933 2879 1050 2933 moeret

88 2989 263 3079 Purpura:
283 2984 429 3077 dumque
446 2987 536 3052 Deos
553 2998 666 3069 vocat,
684 2999 716 3051 et
734 2982 774 3051 de
792 2982 906 3052 sunere
923 3009 1001 3054 caro

89 3108 161 3174 Hoc
178 3129 347 3199 superesse
365 3119 478 3198 putat,
495 3102 584 3172 videt
603 3105 712 3197 ipsum
729 3105 762 3170 in
781 3103 917 3197 pulvere
937 3131 1029 3199 paene

89 3223 261 3295 Calcatum
277 3250 284 3290 :
304 3222 418 3318 sugere
434 3224 580 3309 animus,
596 3225 767 3317 visusque,
785 3249 969 3318 sonusque,

90 3344 293 3438 Inclusitque
312 3342 409 3412 dolor
431 3343 615 3437 lacrymas:
635 3358 716 3413 tunc
735 3369 875 3439 corpore
894 3360 963 3414 toto

90 3465 255 3532 Sternitur
275 3467 309 3533 in
327 3460 457 3551 vultus,
477 3466 685 3557 animamque
704 3489 764 3559 per
782 3463 896 3534 oscula
915 3469 1033 3558 quaerit

90 3582 284 3672 Absentem,
301 3610 519 3679 pressumque
538 3586 641 3654 comis
663 3610 701 3653 ac
720 3599 807 3654 veste
826 3610 977 3655 cruorem

91 3704 268 3778 servani-a
286 3702 365 3800 legit
382 3731 390 3773 :
407 3731 485 3774 mox
507 3703 639 3773 tandem
660 3730 740 3775 voce
761 3730 892 3775 reversa
910 3733 917 3774 :

139 3850 155 3884 a
173 3823 271 3888 Hunc
289 3847 352 3916 ego
368 3839 418 3912 te,
438 3825 576 3915 conjux,
595 3822 637 3892 ad
654 3823 764 3893 debita
782 3851 883 3919 regna
902 3825 1088 3920 profectum

90 3945 274 4010 Ductorem
295 3940 389 4030 belli,
407 3967 632 4037 generumque
652 3948 796 4040 potentis
814 3945 947 4015 Adrasti

90 4061 271 4156 Adspicis?
287 4062 426 4156 talisque
444 4065 509 4133 tuis
526 4088 666 4135 occurro
683 4062 885 4157 triumphis?

235 4208 270 4251 n.
941 4178 982 4249 16
