2812 5258
77 451 192 517 (tuM-l
385 453 600 511 unanimos
620 457 728 512 LIBER
751 456 824 511 Vlll.
1062 462 1115 526 ¹37

79 577 247 671 Claraque
264 604 323 672 per
343 605 476 648 somnos
494 581 613 649 animis
632 580 808 649 simulacra
828 581 970 648 reverti?

78 701 164 777 Ecce
183 723 262 792 ego,
279 723 353 791 quae
372 698 555 789 thalamos,
577 726 638 770 nec
656 703 682 769 si
701 724 765 795 pax
785 698 851 769 alta
870 715 1049 786 maneret,

77 818 269 886 Tractarem
286 843 401 906 sensu,
421 819 537 914 (pudet
553 820 617 889 heu
627 818 657 915 l)
678 821 846 889 connubia
862 820 930 887 vidi

79 937 196 1023 Nocte,
210 962 305 1006 soror
316 964 493 1033 :sponsum
506 938 651 1035 (undel')
664 941 747 1009 mihi
760 964 859 1033 sopor
873 936 982 1006 attulit
1001 961 1116 1006 amens
1206 980 1210 985 -

78 1056 145 1122 Vix
165 1071 280 1124 notum
302 1060 399 1127 visu:
419 1059 518 1127 semel
538 1059 590 1127 his
609 1061 644 1127 in
664 1059 796 1127 sedibus
811 1057 924 1144 illum,

78 1177 169 1243 Dum
190 1201 265 1245 mea
283 1180 394 1247 nescio
408 1202 475 1271 quo
494 1178 701 1273 spondentur
719 1177 844 1246 foedera
860 1194 955 1272 pacto

79 1298 223 1389 Respexi
238 1321 306 1364 non
323 1312 459 1390 sponte,
481 1322 575 1366 soror
594 1325 602 1366 ε
620 1299 751 1366 turbata
768 1312 904 1393 repente

79 1417 203 1485 Omina
223 1418 417 1503 cernebam;
436 1418 630 1511 subitusque
650 1413 819 1487 intercidit
837 1418 940 1512 ignis;

79 1538 203 1627 Meque
223 1538 423 1628 sequebatur
439 1539 557 1606 rabido
577 1536 719 1607 clamore
735 1562 910 1631 reposeens

80 1658 191 1723 Mater
205 1659 304 1750 Atyn.
327 1659 490 1745 Quaenam
509 1659 578 1727 haec
596 1658 705 1726 dubiae
718 1659 876 1752 praesagia
896 1654 1020 1724 cladis?

80 1777 150 1844 Nec
166 1778 282 1862 timeo,
301 1778 381 1846 dum
398 1792 469 1846 tuta
487 1776 624 1864 domus,
641 1776 801 1868 milesque
818 1776 949 1844 recedat

80 1898 243 1979 Doricus,
260 1911 294 1965 et
314 1897 458 1964 tumidos
477 1895 576 1964 liceat
596 1921 796 1989 componere
815 1896 973 1963 fratres.»

130 2013 223 2082 Talia
244 2015 438 2102 nectebant,
459 2015 568 2082 subito
589 2040 692 2107 quum
710 2017 805 2109 pigra
825 2013 968 2082 tumultu

81 2136 225 2227 Expavit
245 2133 380 2221 domus,
399 2149 432 2202 et
451 2132 557 2203 multo
577 2135 696 2203 sudore
712 2149 863 2227 receptus

82 2257 200 2322 Fertur
220 2258 318 2346 Atys',
338 2279 473 2322 servans
492 2257 637 2322 animam
652 2255 720 2346 jam
737 2256 898 2348 sanguine
917 2254 1028 2338 nullo,

82 2379 146 2445 Cui
166 2402 284 2445 manus
305 2379 338 2444 in
359 2376 472 2472 plaga,
492 2362 658 2471 depenll'et
677 2378 834 2474 languida
852 2384 961 2450 cervix

82 2499 234 2566 Exterior
250 2495 383 2590 clypeo,
402 2498 576 2590 crinesque
595 2524 613 2566 a
631 2498 739 2568 fronte
760 2502 882 2595 supini.

131 2619 241 2685 Prima
258 2616 366 2703 videt,
386 2641 563 2709 caramque
579 2633 720 2688 tremens
737 2624 865 2689 Iocasta
882 2624 1022 2689 vocabat

83 2742 256 2806 Ismenen:
277 2761 420 2829 namque
438 2736 503 2804 hoc
523 2734 630 2803 solum
651 2737 850 2805 moribunda
869 2754 1025 2832 precatur

82 2861 157 2926 Vox
178 2861 314 2953 generi:
332 2856 439 2927 solum
457 2856 522 2924 hoc
539 2853 657 2949 gelidis
674 2857 742 2947 jam
761 2880 881 2924 nomen
903 2861 1026 2926 inerrat

83 2979 270 3047 Faucibus:
289 2976 476 3046 exclamant
494 2975 626 3045 famulae
643 3002 650 3043 ε
669 2974 807 3044 tollebat
824 2977 857 3043 in
880 3000 938 3045 ora

83 3100 188 3192 Virgo
205 3123 345 3167 manus:
366 3101 471 3167 tenuit
489 3122 594 3166 saevus
613 3096 722 3190 pudor
738 3122 745 3164 :
761 3112 904 3165 attamen
925 3100 973 3164 ire

83 3220 236 3313 (egitur,
257 3208 408 3310 indulget
427 3196 593 3285 summum
615 3217 679 3285 hoc
699 3221 827 3285 Iocasta
839 3218 984 3309 jacenti,

84 3338 303 3431 Ostenditque
324 3335 488 3428 offertque
506 3363 513 3404 :
530 3352 649 3429 quater
663 3338 734 3429 jam
753 3350 858 3404 morte
876 3337 937 3404 sub
957 3339 1026 3431 ipsa

85 3457 135 3526 Ad
154 3482 274 3525 nomen
292 3459 399 3544 visus,
419 3456 611 3550 dejectaque
627 3455 758 3525 fortiter
778 3482 836 3524 ora

31 3626 34 3631 -
85 3573 254 3645 Sustulit:
275 3574 363 3644 illam
383 3601 485 3644 unam
503 3574 653 3670 neglecto
673 3575 798 3644 lumine
815 3575 885 3644 eoeli

86 3693 253 3786 Adspicit,
273 3708 306 3761 et
324 3694 418 3763 vultu
437 3721 505 3765 non
525 3697 706 3765 exsatiatur
726 3712 846 3765 amato.

84 3818 179 3883 Tune
196 3814 274 3904 quia
295 3838 356 3882 nec
376 3818 517 3908 genitrix
535 3818 645 3910 juxta,
664 3819 858 3912 positusque
876 3820 972 3887 beata

84 3937 194 4004 Morte
214 3947 320 4027 pater,
338 3958 465 4026 sponsae
481 3960 601 4005 munus
620 3936 804 4007 miserabile
824 3939 977 4025 tradunt,

84 4051 259 4125 Declinare
276 4077 377 4148 genas
394 4054 462 4122 :ibi
485 4053 617 4125 demum
636 4070 867 4126 testeremoto
