<?xml version="1.0" encoding="UTF-8"?>
<!DOCTYPE html PUBLIC "-//W3C//DTD XHTML 1.0 Transitional//EN"
    "http://www.w3.org/TR/xhtml1/DTD/xhtml1-transitional.dtd">
<html xmlns="http://www.w3.org/1999/xhtml" xml:lang="en" lang="en">
 <head>
  <title>
</title>
<meta http-equiv="Content-Type" content="text/html;charset=utf-8" />
  <meta name='ocr-system' content='tesseract 3.04.00' />
  <meta name='ocr-capabilities' content='ocr_page ocr_carea ocr_par ocr_line ocrx_word'/>
</head>
<body>
  <div class='ocr_page' id='page_1' title='image "./publiipapiniist01statgoog_0462.png"; bbox 0 0 2812 5258; ppageno 0'>
   <div class='ocr_carea' id='block_1_1' title="bbox 83 459 1119 534">
    <p class='ocr_par' dir='ltr' id='par_1_1' title="bbox 83 459 1119 534">
     <span class='ocr_line' id='line_1_1' title="bbox 83 459 1119 534; baseline -0.007 -9"><span class='ocrx_word' id='word_1_1' title='bbox 83 463 198 527; x_wconf 50' lang='lat' dir='ltr'>‹vass›</span> <span class='ocrx_word' id='word_1_2' title='bbox 399 459 614 520; x_wconf 73' lang='lat' dir='ltr'>massanos</span> <span class='ocrx_word' id='word_1_3' title='bbox 637 461 747 517; x_wconf 80' lang='lat' dir='ltr'>monn</span> <span class='ocrx_word' id='word_1_4' title='bbox 768 463 816 516; x_wconf 81' lang='lat' dir='ltr'>rx.</span> <span class='ocrx_word' id='word_1_5' title='bbox 1067 466 1119 534; x_wconf 83' lang='lat'>167</span> 
     </span>
    </p>
   </div>
   <div class='ocr_carea' id='block_1_2' title="bbox 55 586 1112 4168">
    <p class='ocr_par' dir='ltr' id='par_1_2' title="bbox 55 586 1112 4168">
     <span class='ocr_line' id='line_1_2' title="bbox 82 586 941 680; baseline 0 -24"><span class='ocrx_word' id='word_1_6' title='bbox 82 588 195 656; x_wconf 89' lang='lat' dir='ltr'>Prima</span> <span class='ocrx_word' id='word_1_7' title='bbox 214 589 433 680; x_wconf 74' lang='lat' dir='ltr'>Tanagraeum</span> <span class='ocrx_word' id='word_1_8' title='bbox 452 586 599 656; x_wconf 87' lang='lat' dir='ltr'>turbavit</span> <span class='ocrx_word' id='word_1_9' title='bbox 617 586 747 656; x_wconf 87' lang='lat' dir='ltr'>arundo</span> <span class='ocrx_word' id='word_1_10' title='bbox 765 587 941 656; x_wconf 87' lang='lat' dir='ltr'>Coroehum</span> 
     </span>
     <span class='ocr_line' id='line_1_3' title="bbox 81 705 929 802; baseline 0 -25"><span class='ocrx_word' id='word_1_11' title='bbox 81 711 241 777; x_wconf 88' lang='lat' dir='ltr'>Extremo</span> <span class='ocrx_word' id='word_1_12' title='bbox 259 705 376 802; x_wconf 77' lang='lat' dir='ltr'>galeae,</span> <span class='ocrx_word' id='word_1_13' title='bbox 393 707 570 802; x_wconf 90' lang='lat' dir='ltr'>primoque</span> <span class='ocrx_word' id='word_1_14' title='bbox 585 709 619 775; x_wconf 92' lang='lat' dir='ltr'>in</span> <span class='ocrx_word' id='word_1_15' title='bbox 639 707 789 802; x_wconf 77' lang='lat' dir='ltr'>margine</span> <span class='ocrx_word' id='word_1_16' title='bbox 807 731 929 801; x_wconf 81' lang='lat' dir='ltr'>parmae</span> 
     </span>
     <span class='ocr_line' id='line_1_4' title="bbox 81 825 904 923; baseline -0.004 -25"><span class='ocrx_word' id='word_1_17' title='bbox 81 832 231 923; x_wconf 89' lang='lat' dir='ltr'>Angusta</span> <span class='ocrx_word' id='word_1_18' title='bbox 249 829 440 898; x_wconf 86' lang='lat' dir='ltr'>transmissa</span> <span class='ocrx_word' id='word_1_19' title='bbox 461 829 538 897; x_wconf 81' lang='lat' dir='ltr'>via:</span> <span class='ocrx_word' id='word_1_20' title='bbox 559 843 624 899; x_wconf 87' lang='lat' dir='ltr'>stat</span> <span class='ocrx_word' id='word_1_21' title='bbox 643 826 793 897; x_wconf 86' lang='lat' dir='ltr'>faucibus</span> <span class='ocrx_word' id='word_1_22' title='bbox 813 825 904 897; x_wconf 90' lang='lat' dir='ltr'>unda</span> 
     </span>
     <span class='ocr_line' id='line_1_5' title="bbox 80 946 902 1044; baseline 0 -26"><span class='ocrx_word' id='word_1_23' title='bbox 80 951 280 1044; x_wconf 82' lang='lat' dir='ltr'>Sanguinis,</span> <span class='ocrx_word' id='word_1_24' title='bbox 299 963 332 1019; x_wconf 92' lang='lat' dir='ltr'>et</span> <span class='ocrx_word' id='word_1_25' title='bbox 349 950 433 1018; x_wconf 90' lang='lat' dir='ltr'>sacri</span> <span class='ocrx_word' id='word_1_26' title='bbox 452 946 554 1018; x_wconf 83' lang='lat' dir='ltr'>facies</span> <span class='ocrx_word' id='word_1_27' title='bbox 572 949 669 1018; x_wconf 88' lang='lat' dir='ltr'>rubet</span> <span class='ocrx_word' id='word_1_28' title='bbox 687 950 765 1044; x_wconf 85' lang='lat' dir='ltr'>igne</span> <span class='ocrx_word' id='word_1_29' title='bbox 784 950 902 1018; x_wconf 84' lang='lat' dir='ltr'>veneni</span> 
     </span>
     <span class='ocr_line' id='line_1_6' title="bbox 130 1067 925 1163; baseline -0.004 -24"><span class='ocrx_word' id='word_1_30' title='bbox 130 1071 257 1139; x_wconf 84' lang='lat' dir='ltr'>Saevius</span> <span class='ocrx_word' id='word_1_31' title='bbox 277 1071 457 1163; x_wconf 78' lang='lat' dir='ltr'>Eurytion,</span> <span class='ocrx_word' id='word_1_32' title='bbox 475 1070 529 1138; x_wconf 95' lang='lat' dir='ltr'>cui</span> <span class='ocrx_word' id='word_1_33' title='bbox 548 1067 683 1136; x_wconf 87' lang='lat' dir='ltr'>luminis</span> <span class='ocrx_word' id='word_1_34' title='bbox 702 1069 784 1138; x_wconf 86' lang='lat' dir='ltr'>orbe</span> <span class='ocrx_word' id='word_1_35' title='bbox 801 1069 925 1137; x_wconf 79' lang='lat' dir='ltr'>sinistri</span> 
     </span>
     <span class='ocr_line' id='line_1_7' title="bbox 79 1187 862 1284; baseline -0.006 -24"><span class='ocrx_word' id='word_1_36' title='bbox 79 1193 203 1283; x_wconf 88' lang='lat' dir='ltr'>Aspera</span> <span class='ocrx_word' id='word_1_37' title='bbox 221 1191 412 1284; x_wconf 76' lang='lat' dir='ltr'>tergeminis</span> <span class='ocrx_word' id='word_1_38' title='bbox 430 1188 518 1257; x_wconf 89' lang='lat' dir='ltr'>acies</span> <span class='ocrx_word' id='word_1_39' title='bbox 536 1213 570 1256; x_wconf 88' lang='lat' dir='ltr'>se</span> <span class='ocrx_word' id='word_1_40' title='bbox 588 1187 739 1258; x_wconf 89' lang='lat' dir='ltr'>condidit</span> <span class='ocrx_word' id='word_1_41' title='bbox 758 1190 862 1257; x_wconf 91' lang='lat' dir='ltr'>uncis.</span> 
     </span>
     <span class='ocr_line' id='line_1_8' title="bbox 78 1305 880 1404; baseline -0.001 -26"><span class='ocrx_word' id='word_1_42' title='bbox 78 1307 138 1378; x_wconf 93' lang='lat' dir='ltr'>llle</span> <span class='ocrx_word' id='word_1_43' title='bbox 158 1310 292 1377; x_wconf 86' lang='lat' dir='ltr'>trahens</span> <span class='ocrx_word' id='word_1_44' title='bbox 310 1306 409 1377; x_wconf 91' lang='lat' dir='ltr'>oculo</span> <span class='ocrx_word' id='word_1_45' title='bbox 428 1305 560 1400; x_wconf 81' lang='lat' dir='ltr'>plenam</span> <span class='ocrx_word' id='word_1_46' title='bbox 578 1307 710 1377; x_wconf 83' lang='lat' dir='ltr'>labente</span> <span class='ocrx_word' id='word_1_47' title='bbox 728 1309 880 1404; x_wconf 81' lang='lat' dir='ltr'>sagittam</span> 
     </span>
     <span class='ocr_line' id='line_1_9' title="bbox 76 1428 940 1524; baseline -0.002 -25"><span class='ocrx_word' id='word_1_48' title='bbox 76 1430 151 1499; x_wconf 84' lang='lat' dir='ltr'>Ibat</span> <span class='ocrx_word' id='word_1_49' title='bbox 171 1433 205 1496; x_wconf 92' lang='lat' dir='ltr'>in</span> <span class='ocrx_word' id='word_1_50' title='bbox 225 1442 394 1498; x_wconf 82' lang='lat' dir='ltr'>auctorem</span> <span class='ocrx_word' id='word_1_51' title='bbox 412 1454 420 1496; x_wconf 76' lang='grc' dir='ltr'><strong><em>ε</em></strong></span> <span class='ocrx_word' id='word_1_52' title='bbox 436 1428 493 1497; x_wconf 88' lang='lat' dir='ltr'>sed</span> <span class='ocrx_word' id='word_1_53' title='bbox 512 1430 636 1498; x_wconf 88' lang='lat' dir='ltr'>Divum</span> <span class='ocrx_word' id='word_1_54' title='bbox 656 1428 755 1498; x_wconf 85' lang='lat' dir='ltr'>fortia</span> <span class='ocrx_word' id='word_1_55' title='bbox 774 1428 855 1524; x_wconf 92' lang='lat' dir='ltr'>quid</span> <span class='ocrx_word' id='word_1_56' title='bbox 875 1454 940 1499; x_wconf 91' lang='lat' dir='ltr'>non</span> 
     </span>
     <span class='ocr_line' id='line_1_10' title="bbox 76 1548 917 1644; baseline -0.001 -25"><span class='ocrx_word' id='word_1_57' title='bbox 76 1549 158 1620; x_wconf 88' lang='lat' dir='ltr'>Tela</span> <span class='ocrx_word' id='word_1_58' title='bbox 176 1548 321 1642; x_wconf 85' lang='lat' dir='ltr'>queant?</span> <span class='ocrx_word' id='word_1_59' title='bbox 340 1548 405 1618; x_wconf 89' lang='lat' dir='ltr'>alio</span> <span class='ocrx_word' id='word_1_60' title='bbox 427 1551 631 1644; x_wconf 80' lang='lat' dir='ltr'>geminatum</span> <span class='ocrx_word' id='word_1_61' title='bbox 648 1549 775 1619; x_wconf 91' lang='lat' dir='ltr'>lumine</span> <span class='ocrx_word' id='word_1_62' title='bbox 794 1549 917 1619; x_wconf 84' lang='lat' dir='ltr'>vulnus</span> 
     </span>
     <span class='ocr_line' id='line_1_11' title="bbox 76 1665 1106 1765; baseline -0.004 -25"><span class='ocrx_word' id='word_1_63' title='bbox 76 1668 229 1765; x_wconf 84' lang='lat' dir='ltr'>Explevit</span> <span class='ocrx_word' id='word_1_64' title='bbox 249 1669 401 1738; x_wconf 85' lang='lat' dir='ltr'>tenebras</span> <span class='ocrx_word' id='word_1_65' title='bbox 418 1695 425 1737; x_wconf 92' lang='lat'>:</span> <span class='ocrx_word' id='word_1_66' title='bbox 442 1671 592 1762; x_wconf 90' lang='lat' dir='ltr'>sequitur</span> <span class='ocrx_word' id='word_1_67' title='bbox 612 1684 722 1738; x_wconf 90' lang='lat' dir='ltr'>tamen</span> <span class='ocrx_word' id='word_1_68' title='bbox 744 1670 916 1764; x_wconf 90' lang='lat' dir='ltr'>improbus</span> <span class='ocrx_word' id='word_1_69' title='bbox 935 1670 1082 1754; x_wconf 86' lang='lat' dir='ltr'>hostem,</span> <span class='ocrx_word' id='word_1_70' title='bbox 1104 1665 1106 1669; x_wconf 66' lang='grc'><strong>’</strong></span> 
     </span>
     <span class='ocr_line' id='line_1_12' title="bbox 75 1789 955 1883; baseline -0.001 -25"><span class='ocrx_word' id='word_1_71' title='bbox 75 1794 153 1880; x_wconf 90' lang='lat' dir='ltr'>Qua</span> <span class='ocrx_word' id='word_1_72' title='bbox 173 1791 339 1876; x_wconf 89' lang='lat' dir='ltr'>meminit,</span> <span class='ocrx_word' id='word_1_73' title='bbox 360 1790 470 1859; x_wconf 87' lang='lat' dir='ltr'>susum</span> <span class='ocrx_word' id='word_1_74' title='bbox 489 1789 597 1858; x_wconf 91' lang='lat' dir='ltr'>donec</span> <span class='ocrx_word' id='word_1_75' title='bbox 614 1789 789 1883; x_wconf 88' lang='lat' dir='ltr'>prolapsus</span> <span class='ocrx_word' id='word_1_76' title='bbox 809 1792 844 1859; x_wconf 90' lang='lat' dir='ltr'>in</span> <span class='ocrx_word' id='word_1_77' title='bbox 861 1790 955 1859; x_wconf 87' lang='lat' dir='ltr'>Idam</span> 
     </span>
     <span class='ocr_line' id='line_1_13' title="bbox 76 1910 861 1982; baseline -0.005 0"><span class='ocrx_word' id='word_1_78' title='bbox 76 1911 230 1982; x_wconf 86' lang='lat' dir='ltr'>Decidit:</span> <span class='ocrx_word' id='word_1_79' title='bbox 251 1911 307 1980; x_wconf 90' lang='lat' dir='ltr'>hic</span> <span class='ocrx_word' id='word_1_80' title='bbox 327 1912 404 1979; x_wconf 81' lang='lat' dir='ltr'>saevi</span> <span class='ocrx_word' id='word_1_81' title='bbox 424 1912 523 1979; x_wconf 89' lang='lat' dir='ltr'>miser</span> <span class='ocrx_word' id='word_1_82' title='bbox 542 1913 630 1978; x_wconf 91' lang='lat' dir='ltr'>inter</span> <span class='ocrx_word' id='word_1_83' title='bbox 648 1910 766 1979; x_wconf 82' lang='lat' dir='ltr'>lunera</span> <span class='ocrx_word' id='word_1_84' title='bbox 784 1910 861 1980; x_wconf 91' lang='lat' dir='ltr'>belli</span> 
     </span>
     <span class='ocr_line' id='line_1_14' title="bbox 74 2030 1063 2125; baseline -0.002 -25"><span class='ocrx_word' id='word_1_85' title='bbox 74 2030 240 2125; x_wconf 89' lang='lat' dir='ltr'>Palpitat,</span> <span class='ocrx_word' id='word_1_86' title='bbox 260 2045 293 2099; x_wconf 85' lang='lat' dir='ltr'>et</span> <span class='ocrx_word' id='word_1_87' title='bbox 311 2043 467 2115; x_wconf 89' lang='lat' dir='ltr'>mortem,</span> <span class='ocrx_word' id='word_1_88' title='bbox 488 2031 680 2122; x_wconf 86' lang='lat' dir='ltr'>sociosque,</span> <span class='ocrx_word' id='word_1_89' title='bbox 699 2030 877 2123; x_wconf 82' lang='lat' dir='ltr'>hostesque</span> <span class='ocrx_word' id='word_1_90' title='bbox 898 2046 1063 2125; x_wconf 88' lang='lat' dir='ltr'>precatur.</span> 
     </span>
     <span class='ocr_line' id='line_1_15' title="bbox 124 2146 975 2246; baseline -0.002 -25"><span class='ocrx_word' id='word_1_91' title='bbox 124 2149 227 2221; x_wconf 82' lang='lat' dir='ltr'>Addit</span> <span class='ocrx_word' id='word_1_92' title='bbox 243 2146 464 2237; x_wconf 79' lang='lat' dir='ltr'>Abantiadas,</span> <span class='ocrx_word' id='word_1_93' title='bbox 484 2149 648 2246; x_wconf 87' lang='lat' dir='ltr'>insignem</span> <span class='ocrx_word' id='word_1_94' title='bbox 664 2150 812 2219; x_wconf 88' lang='lat' dir='ltr'>crinibus</span> <span class='ocrx_word' id='word_1_95' title='bbox 830 2155 975 2246; x_wconf 88' lang='lat' dir='ltr'>Argum,</span> 
     </span>
     <span class='ocr_line' id='line_1_16' title="bbox 55 2268 838 2364; baseline -0.004 -23"><span class='ocrx_word' id='word_1_96' title='bbox 55 2275 118 2362; x_wconf 53' lang='lat' dir='ltr'>,Et</span> <span class='ocrx_word' id='word_1_97' title='bbox 136 2269 223 2340; x_wconf 87' lang='lat' dir='ltr'>male</span> <span class='ocrx_word' id='word_1_98' title='bbox 240 2270 400 2340; x_wconf 91' lang='lat' dir='ltr'>dilectum</span> <span class='ocrx_word' id='word_1_99' title='bbox 419 2271 545 2339; x_wconf 75' lang='lat' dir='ltr'>misera</span> <span class='ocrx_word' id='word_1_100' title='bbox 562 2268 701 2364; x_wconf 88' lang='lat' dir='ltr'>Cydona</span> <span class='ocrx_word' id='word_1_101' title='bbox 720 2273 838 2341; x_wconf 87' lang='lat' dir='ltr'>sorori.</span> 
     </span>
     <span class='ocr_line' id='line_1_17' title="bbox 74 2388 796 2488; baseline -0.006 -26"><span class='ocrx_word' id='word_1_102' title='bbox 74 2391 126 2462; x_wconf 92' lang='lat' dir='ltr'>llli</span> <span class='ocrx_word' id='word_1_103' title='bbox 146 2391 332 2487; x_wconf 86' lang='lat' dir='ltr'>perfossum</span> <span class='ocrx_word' id='word_1_104' title='bbox 351 2389 416 2460; x_wconf 89' lang='lat' dir='ltr'>telo</span> <span class='ocrx_word' id='word_1_105' title='bbox 436 2388 633 2484; x_wconf 85' lang='lat' dir='ltr'>patefecerat</span> <span class='ocrx_word' id='word_1_106' title='bbox 651 2392 796 2488; x_wconf 87' lang='lat' dir='ltr'>inguen:</span> 
     </span>
     <span class='ocr_line' id='line_1_18' title="bbox 74 2509 993 2610; baseline -0.001 -27"><span class='ocrx_word' id='word_1_107' title='bbox 74 2515 161 2583; x_wconf 86' lang='lat' dir='ltr'>Huic</span> <span class='ocrx_word' id='word_1_108' title='bbox 179 2513 349 2608; x_wconf 89' lang='lat' dir='ltr'>geminum</span> <span class='ocrx_word' id='word_1_109' title='bbox 367 2509 504 2604; x_wconf 88' lang='lat' dir='ltr'>obliqua</span> <span class='ocrx_word' id='word_1_110' title='bbox 520 2512 648 2605; x_wconf 86' lang='lat' dir='ltr'>trajecit</span> <span class='ocrx_word' id='word_1_111' title='bbox 666 2512 830 2581; x_wconf 88' lang='lat' dir='ltr'>arundine</span> <span class='ocrx_word' id='word_1_112' title='bbox 851 2529 993 2610; x_wconf 87' lang='lat' dir='ltr'>tempus.</span> 
     </span>
     <span class='ocr_line' id='line_1_19' title="bbox 74 2629 965 2724; baseline -0.001 -21"><span class='ocrx_word' id='word_1_113' title='bbox 74 2635 206 2703; x_wconf 79' lang='lat' dir='ltr'>Exstitit</span> <span class='ocrx_word' id='word_1_114' title='bbox 222 2633 285 2702; x_wconf 87' lang='lat' dir='ltr'>hac</span> <span class='ocrx_word' id='word_1_115' title='bbox 304 2631 444 2718; x_wconf 86' lang='lat' dir='ltr'>ferrum,</span> <span class='ocrx_word' id='word_1_116' title='bbox 465 2629 560 2700; x_wconf 81' lang='lat' dir='ltr'>velox</span> <span class='ocrx_word' id='word_1_117' title='bbox 576 2631 640 2700; x_wconf 89' lang='lat' dir='ltr'>hac</span> <span class='ocrx_word' id='word_1_118' title='bbox 659 2655 769 2724; x_wconf 90' lang='lat' dir='ltr'>penna</span> <span class='ocrx_word' id='word_1_119' title='bbox 789 2637 965 2722; x_wconf 76' lang='lat' dir='ltr'>remansit,</span> 
     </span>
     <span class='ocr_line' id='line_1_20' title="bbox 74 2748 966 2847; baseline -0.003 -23"><span class='ocrx_word' id='word_1_120' title='bbox 74 2753 183 2824; x_wconf 82' lang='lat' dir='ltr'>Fluxit</span> <span class='ocrx_word' id='word_1_121' title='bbox 197 2754 364 2847; x_wconf 89' lang='lat' dir='ltr'>utrimque</span> <span class='ocrx_word' id='word_1_122' title='bbox 380 2774 490 2820; x_wconf 88' lang='lat' dir='ltr'>cruor.</span> <span class='ocrx_word' id='word_1_123' title='bbox 512 2748 606 2820; x_wconf 84' lang='lat' dir='ltr'>Nulli</span> <span class='ocrx_word' id='word_1_124' title='bbox 628 2749 695 2818; x_wconf 91' lang='lat' dir='ltr'>tela</span> <span class='ocrx_word' id='word_1_125' title='bbox 714 2776 831 2845; x_wconf 89' lang='lat' dir='ltr'>aspera</span> <span class='ocrx_word' id='word_1_126' title='bbox 849 2755 966 2821; x_wconf 89' lang='lat' dir='ltr'>mortis</span> 
     </span>
     <span class='ocr_line' id='line_1_21' title="bbox 73 2869 1112 2968; baseline -0.002 -24"><span class='ocrx_word' id='word_1_127' title='bbox 73 2877 162 2944; x_wconf 89' lang='lat' dir='ltr'>Dant</span> <span class='ocrx_word' id='word_1_128' title='bbox 176 2875 306 2942; x_wconf 87' lang='lat' dir='ltr'>veniam</span> <span class='ocrx_word' id='word_1_129' title='bbox 325 2898 333 2941; x_wconf 90' lang='lat'>:</span> <span class='ocrx_word' id='word_1_130' title='bbox 351 2896 420 2941; x_wconf 88' lang='lat' dir='ltr'>non</span> <span class='ocrx_word' id='word_1_131' title='bbox 437 2869 544 2940; x_wconf 84' lang='lat' dir='ltr'>forma</span> <span class='ocrx_word' id='word_1_132' title='bbox 557 2872 716 2957; x_wconf 88' lang='lat' dir='ltr'>Lamum,</span> <span class='ocrx_word' id='word_1_133' title='bbox 732 2893 800 2939; x_wconf 89' lang='lat' dir='ltr'>non</span> <span class='ocrx_word' id='word_1_134' title='bbox 816 2870 922 2941; x_wconf 84' lang='lat' dir='ltr'>infula</span> <span class='ocrx_word' id='word_1_135' title='bbox 940 2870 1112 2968; x_wconf 87' lang='lat' dir='ltr'>Lygdum,</span> 
     </span>
     <span class='ocr_line' id='line_1_22' title="bbox 71 2988 806 3089; baseline -0.005 -25"><span class='ocrx_word' id='word_1_136' title='bbox 71 2994 149 3064; x_wconf 91' lang='lat' dir='ltr'>Non</span> <span class='ocrx_word' id='word_1_137' title='bbox 166 2993 383 3089; x_wconf 82' lang='lat' dir='ltr'>pubescentes</span> <span class='ocrx_word' id='word_1_138' title='bbox 402 3005 557 3061; x_wconf 77' lang='lat' dir='ltr'>texerunt</span> <span class='ocrx_word' id='word_1_139' title='bbox 575 2988 695 3060; x_wconf 82' lang='lat' dir='ltr'>AEolon</span> <span class='ocrx_word' id='word_1_140' title='bbox 715 2992 806 3061; x_wconf 89' lang='lat' dir='ltr'>anni.</span> 
     </span>
     <span class='ocr_line' id='line_1_23' title="bbox 71 3101 991 3213; baseline 0 -30"><span class='ocrx_word' id='word_1_141' title='bbox 71 3116 200 3213; x_wconf 86' lang='lat' dir='ltr'>Figitur</span> <span class='ocrx_word' id='word_1_142' title='bbox 218 3138 278 3182; x_wconf 87' lang='lat' dir='ltr'>ora</span> <span class='ocrx_word' id='word_1_143' title='bbox 295 3115 436 3200; x_wconf 87' lang='lat' dir='ltr'>Lamus,</span> <span class='ocrx_word' id='word_1_144' title='bbox 454 3111 510 3182; x_wconf 90' lang='lat' dir='ltr'>flet</span> <span class='ocrx_word' id='word_1_145' title='bbox 528 3113 658 3180; x_wconf 88' lang='lat' dir='ltr'>saucius</span> <span class='ocrx_word' id='word_1_146' title='bbox 678 3113 817 3208; x_wconf 86' lang='lat' dir='ltr'>inguina</span> <span class='ocrx_word' id='word_1_147' title='bbox 835 3101 991 3209; x_wconf 86' lang='lat' dir='ltr'>Lygdus,</span> 
     </span>
     <span class='ocr_line' id='line_1_24' title="bbox 71 3230 939 3329; baseline -0.001 -26"><span class='ocrx_word' id='word_1_148' title='bbox 71 3235 255 3304; x_wconf 82' lang='lat' dir='ltr'>Perfossam</span> <span class='ocrx_word' id='word_1_149' title='bbox 274 3231 343 3302; x_wconf 89' lang='lat' dir='ltr'>telo</span> <span class='ocrx_word' id='word_1_150' title='bbox 360 3234 492 3301; x_wconf 87' lang='lat' dir='ltr'>niveam</span> <span class='ocrx_word' id='word_1_151' title='bbox 512 3233 633 3329; x_wconf 89' lang='lat' dir='ltr'>gemis,</span> <span class='ocrx_word' id='word_1_152' title='bbox 653 3230 765 3322; x_wconf 84' lang='lat' dir='ltr'>AEole,</span> <span class='ocrx_word' id='word_1_153' title='bbox 784 3232 939 3306; x_wconf 77' lang='lat' dir='ltr'>honrem.</span> 
     </span>
     <span class='ocr_line' id='line_1_25' title="bbox 71 3350 973 3451; baseline 0 -27"><span class='ocrx_word' id='word_1_154' title='bbox 71 3357 118 3425; x_wconf 92' lang='lat' dir='ltr'>Te</span> <span class='ocrx_word' id='word_1_155' title='bbox 138 3379 282 3451; x_wconf 85' lang='lat' dir='ltr'>praeceps</span> <span class='ocrx_word' id='word_1_156' title='bbox 299 3354 428 3425; x_wconf 87' lang='lat' dir='ltr'>Euboea</span> <span class='ocrx_word' id='word_1_157' title='bbox 445 3350 539 3441; x_wconf 91' lang='lat' dir='ltr'>tulit,</span> <span class='ocrx_word' id='word_1_158' title='bbox 559 3367 592 3422; x_wconf 90' lang='lat' dir='ltr'>te</span> <span class='ocrx_word' id='word_1_159' title='bbox 611 3352 753 3422; x_wconf 83' lang='lat' dir='ltr'>candida</span> <span class='ocrx_word' id='word_1_160' title='bbox 769 3353 893 3425; x_wconf 85' lang='lat' dir='ltr'>Thisbe</span> <span class='ocrx_word' id='word_1_161' title='bbox 971 3400 973 3403; x_wconf 93' lang='lat'><em>-</em></span> 
     </span>
     <span class='ocr_line' id='line_1_26' title="bbox 68 3472 913 3571; baseline 0.005 -29"><span class='ocrx_word' id='word_1_162' title='bbox 68 3476 226 3562; x_wconf 89' lang='lat' dir='ltr'>Miserat,</span> <span class='ocrx_word' id='word_1_163' title='bbox 241 3475 332 3545; x_wconf 91' lang='lat' dir='ltr'>hunc</span> <span class='ocrx_word' id='word_1_164' title='bbox 349 3472 472 3544; x_wconf 84' lang='lat' dir='ltr'>virides</span> <span class='ocrx_word' id='word_1_165' title='bbox 488 3497 557 3542; x_wconf 91' lang='lat' dir='ltr'>non</span> <span class='ocrx_word' id='word_1_166' title='bbox 572 3474 744 3569; x_wconf 83' lang='lat' dir='ltr'>excipietis</span> <span class='ocrx_word' id='word_1_167' title='bbox 757 3473 913 3571; x_wconf 78' lang='lat' dir='ltr'>Amycle.</span> 
     </span>
     <span class='ocr_line' id='line_1_27' title="bbox 117 3593 1064 3696; baseline 0.008 -35"><span class='ocrx_word' id='word_1_168' title='bbox 117 3594 297 3687; x_wconf 88' lang='lat' dir='ltr'>Nunquam</span> <span class='ocrx_word' id='word_1_169' title='bbox 317 3619 410 3665; x_wconf 85' lang='lat' dir='ltr'>cassa</span> <span class='ocrx_word' id='word_1_170' title='bbox 428 3619 565 3683; x_wconf 88' lang='lat' dir='ltr'>manus,</span> <span class='ocrx_word' id='word_1_171' title='bbox 585 3593 715 3666; x_wconf 88' lang='lat' dir='ltr'>nullum</span> <span class='ocrx_word' id='word_1_172' title='bbox 729 3596 801 3666; x_wconf 89' lang='lat' dir='ltr'>sine</span> <span class='ocrx_word' id='word_1_173' title='bbox 820 3595 959 3668; x_wconf 85' lang='lat' dir='ltr'>vulnere</span> <span class='ocrx_word' id='word_1_174' title='bbox 978 3596 1064 3696; x_wconf 80' lang='lat' dir='ltr'>sugit</span> 
     </span>
     <span class='ocr_line' id='line_1_28' title="bbox 68 3711 961 3813; baseline 0.006 -30"><span class='ocrx_word' id='word_1_175' title='bbox 68 3711 195 3783; x_wconf 86' lang='lat' dir='ltr'>Missile</span> <span class='ocrx_word' id='word_1_176' title='bbox 213 3739 220 3780; x_wconf 92' lang='lat'>:</span> <span class='ocrx_word' id='word_1_177' title='bbox 238 3737 300 3783; x_wconf 91' lang='lat' dir='ltr'>nec</span> <span class='ocrx_word' id='word_1_178' title='bbox 317 3717 448 3809; x_wconf 85' lang='lat' dir='ltr'>requies</span> <span class='ocrx_word' id='word_1_179' title='bbox 464 3714 603 3802; x_wconf 77' lang='lat' dir='ltr'>dextrae,</span> <span class='ocrx_word' id='word_1_180' title='bbox 624 3717 838 3812; x_wconf 89' lang='lat' dir='ltr'>sonitumque</span> <span class='ocrx_word' id='word_1_181' title='bbox 855 3718 961 3813; x_wconf 91' lang='lat' dir='ltr'>priori</span> 
     </span>
     <span class='ocr_line' id='line_1_29' title="bbox 66 3833 1037 3932; baseline 0.004 -27"><span class='ocrx_word' id='word_1_182' title='bbox 66 3836 184 3932; x_wconf 75' lang='lat' dir='ltr'>lungit</span> <span class='ocrx_word' id='word_1_183' title='bbox 202 3833 331 3902; x_wconf 89' lang='lat' dir='ltr'>arundo</span> <span class='ocrx_word' id='word_1_184' title='bbox 349 3859 489 3928; x_wconf 81' lang='lat' dir='ltr'>sequens</span> <span class='ocrx_word' id='word_1_185' title='bbox 504 3862 512 3903; x_wconf 90' lang='lat'>:</span> <span class='ocrx_word' id='word_1_186' title='bbox 529 3860 634 3904; x_wconf 91' lang='lat' dir='ltr'>unum</span> <span class='ocrx_word' id='word_1_187' title='bbox 649 3837 724 3931; x_wconf 90' lang='lat' dir='ltr'>quis</span> <span class='ocrx_word' id='word_1_188' title='bbox 741 3837 890 3909; x_wconf 86' lang='lat' dir='ltr'>crederet</span> <span class='ocrx_word' id='word_1_189' title='bbox 904 3838 1037 3909; x_wconf 88' lang='lat' dir='ltr'>arcuml</span> 
     </span>
     <span class='ocr_line' id='line_1_30' title="bbox 67 3953 946 4052; baseline 0.002 -27"><span class='ocrx_word' id='word_1_190' title='bbox 67 3957 135 4026; x_wconf 89' lang='lat' dir='ltr'>Aut</span> <span class='ocrx_word' id='word_1_191' title='bbox 151 3978 254 4024; x_wconf 88' lang='lat' dir='ltr'>unam</span> <span class='ocrx_word' id='word_1_192' title='bbox 271 3955 385 4023; x_wconf 73' lang='lat' dir='ltr'>sevire</span> <span class='ocrx_word' id='word_1_193' title='bbox 406 3953 563 4023; x_wconf 81' lang='lat' dir='ltr'>manum?</span> <span class='ocrx_word' id='word_1_194' title='bbox 586 3953 687 4025; x_wconf 91' lang='lat' dir='ltr'>modo</span> <span class='ocrx_word' id='word_1_195' title='bbox 707 3955 823 4052; x_wconf 90' lang='lat' dir='ltr'>dirigit</span> <span class='ocrx_word' id='word_1_196' title='bbox 843 3959 946 4047; x_wconf 83' lang='lat' dir='ltr'>ictus,</span> 
     </span>
     <span class='ocr_line' id='line_1_31' title="bbox 67 4072 915 4168; baseline -0.002 -20"><span class='ocrx_word' id='word_1_197' title='bbox 67 4079 168 4148; x_wconf 83' lang='lat' dir='ltr'>Nudo</span> <span class='ocrx_word' id='word_1_198' title='bbox 185 4074 288 4146; x_wconf 90' lang='lat' dir='ltr'>latere</span> <span class='ocrx_word' id='word_1_199' title='bbox 306 4072 436 4145; x_wconf 85' lang='lat' dir='ltr'>alterno</span> <span class='ocrx_word' id='word_1_200' title='bbox 455 4072 575 4144; x_wconf 84' lang='lat' dir='ltr'>dubius</span> <span class='ocrx_word' id='word_1_201' title='bbox 594 4077 772 4145; x_wconf 88' lang='lat' dir='ltr'>conamina</span> <span class='ocrx_word' id='word_1_202' title='bbox 789 4090 915 4168; x_wconf 90' lang='lat' dir='ltr'>mutat,</span> 
     </span>
    </p>
   </div>
   <div class='ocr_carea' id='block_1_3' title="bbox 0 0 1410 5258">
    <p class='ocr_par' dir='ltr' id='par_1_3' title="bbox 0 0 1410 5258">
     <span class='ocr_line' id='line_1_32' title="bbox 0 0 1410 5258; baseline 0 5"><span class='ocrx_word' id='word_1_203' title='bbox 0 0 1410 5258; x_wconf 95' lang='lat' dir='ltr'> </span> 
     </span>
    </p>
   </div>
  </div>
 </body>
</html>
