2812 5258
194 469 249 521 1·ss
498 466 712 522 rmsmos
731 466 844 520 um
866 467 905 520 L
1121 468 1236 530 (nnat)

189 591 358 686 Pluraque
376 591 487 661 laxato
505 591 699 661 oeciderunt
717 592 828 660 sidera
845 592 941 661 malo.

236 714 368 780 Primus
385 712 501 781 adesse
516 717 626 783 Deum
644 713 757 782 subita
773 711 918 808 caligine
934 717 1038 783 sensit

187 835 352 926 Campus,
373 848 408 902 et
425 835 610 903 innumerae
625 859 743 921 voces,
761 833 980 929 fremitusque
997 839 1149 905 mmmm

187 953 378 1024 submisere
398 979 548 1023 sonum:
569 980 673 1049 quum
694 980 773 1024 vero
792 955 1011 1025 humentibus
1027 956 1089 1025 alis

185 1075 364 1159 Incubuit,
384 1078 546 1170 piceaque
562 1076 654 1145 haud
672 1101 822 1170 unquam
839 1074 974 1145 densior
992 1079 1112 1146 umbra

186 1197 308 1265 Castra
322 1197 435 1282 subit,
453 1221 567 1265 errare
584 1195 690 1285 oculi,
708 1195 922 1292 resolutaque
937 1197 1042 1283 colla,

186 1318 232 1384 Et
247 1316 360 1385 medio
378 1314 483 1386 allatu
502 1319 604 1388 rerba
621 1319 814 1413 imperfecta
830 1318 985 1415 relinqui.

186 1440 269 1506 Mox
287 1453 321 1507 et
338 1436 503 1534 fulgentes
520 1437 663 1534 clipeos,
681 1455 715 1508 et
731 1464 817 1508 saeva
833 1440 1011 1510 remittunt

186 1556 259 1626 Pila
278 1583 400 1646 manu,
420 1556 565 1654 lassique
588 1557 713 1628 cadunt
729 1559 765 1626 in
783 1574 918 1652 pectora
940 1561 1060 1631 vultus.

186 1682 231 1746 Et
250 1679 321 1770 jam
338 1696 460 1749 cuncta
479 1679 577 1750 silent
595 1705 604 1748 ε
623 1680 685 1771 ipsi
701 1679 773 1772 jam
792 1695 882 1748 stare
898 1699 1053 1750 recusant

187 1799 392 1892 Cornipedes
411 1827 419 1869 :
440 1801 530 1896 ipsos
545 1800 672 1870 subitus
691 1801 775 1870 cinis
792 1799 930 1871 abstulit
946 1804 1049 1897 ignes.

237 1923 280 1990 At
297 1944 366 1991 non
384 1937 419 1990 et
436 1922 576 2017 trepidis
594 1918 710 1990 eadem
730 1925 842 2017 Sopor
859 1925 931 1994 otia
949 1926 1063 1996 Graiis

186 2040 328 2131 Suadet,
347 2057 381 2111 et
398 2068 418 2110 a
434 2044 560 2136 junctis
577 2056 669 2112 aroet
684 2066 744 2110 sua
764 2044 879 2115 nubila
899 2049 1017 2115 castris

187 2166 364 2259 Noctivagi
380 2167 430 2232 ris
446 2163 569 2233 blanda
586 2164 650 2235 Dei
668 2189 677 2231 τ
695 2177 784 2231 stant
804 2166 954 2259 undique
970 2168 1006 2233 in
1023 2169 1124 2233 armis

185 2282 320 2351 Fmdam
340 2281 553 2378 indignantes
570 2298 718 2370 noctem,
735 2281 918 2378 vigilesque
930 2284 1101 2377 superbos.

185 2406 270 2472 Ecce
286 2426 421 2495 repens,
442 2404 579 2496 Superis
599 2403 748 2472 animum
769 2402 1036 2497 lymphantibus,
1061 2403 1187 2471 horror

185 2523 431 2594 Thiodamanta
447 2521 554 2609 subit,
573 2521 854 2617 formidandoque
870 2521 1020 2592 tumultu

184 2643 336 2715 Pandere
351 2643 420 2716 lata
433 2645 530 2740 jubet
545 2669 555 2715 t
575 2645 645 2714 sive
660 2646 749 2715 hanc
770 2647 927 2716 Saturnia
943 2662 1108 2733 mentem,

186 2767 263 2836 Sive
281 2791 407 2837 norum
427 2769 583 2837 comitem
601 2768 711 2840 honus
730 2766 909 2862 instigabat
929 2765 1060 2861 Apollo.

186 2887 322 2958 Prosilit
340 2891 375 2957 in
392 2889 537 2975 medios,
557 2893 630 2961 visu
649 2890 830 2984 audituque
848 2888 1059 2975 tremendus,

186 3011 437 3105 Impatiensque
450 3014 530 3100 Dei,
546 3010 656 3107 fragili
674 3035 771 3105 quem
786 3026 897 3080 mente
914 3025 1086 3104 receptum

186 3132 263 3199 Non
283 3134 372 3226 capit
393 3159 401 3201 t
422 3134 594 3203 exundant
613 3131 754 3219 stimuli,
775 3133 951 3228 nudusque
969 3159 1029 3228 per
1052 3158 1111 3200 ora

187 3253 260 3319 Stat
281 3252 393 3337 furor,
412 3269 447 3322 et
465 3253 611 3347 trepidas
631 3255 758 3322 incerto
777 3256 939 3349 sanguine
958 3254 1085 3337 reddit,

184 3371 415 3466 Exhausitque
432 3398 534 3468 genas
554 3400 562 3441 :
580 3375 665 3443 acies
683 3374 751 3444 huc
769 3391 878 3460 errat,
895 3391 928 3444 et
946 3373 1045 3461 illuc,

184 3490 346 3584 Sertaque
363 3494 465 3561 mixta
482 3495 586 3562 comis
604 3519 717 3588 sparsa
735 3499 864 3565 cervice
882 3494 1037 3592 llagellat.

184 3609 238 3679 Sic
256 3611 390 3706 Phryga
408 3613 561 3681 terrificis
580 3615 723 3709 genitrix
744 3615 831 3685 ldaea
849 3591 1024 3685 cruentum

182 3728 282 3799 Elicit
302 3756 343 3799 ex
360 3731 485 3826 adytis,
504 3752 746 3831 consumtaque
766 3737 903 3807 brachia
924 3738 1013 3807 ferro

184 3852 277 3920 Scire
292 3867 398 3940 retat3
418 3856 526 3947 quatit
543 3854 598 3925 ille
616 3882 725 3928 sacras
740 3859 775 3927 in
796 3874 933 3953 pectora
950 3862 1066 3955 pinus,

182 3973 455 4072 sanguineosque
476 3993 565 4047 rotat
585 3979 710 4055 crines.
730 3996 763 4050 et
783 3979 923 4051 vulnera
944 4007 1045 4051 cursu

182 4095 385 4166 Exanimat:
408 4115 509 4192 pavet
527 4082 635 4172 omnis
655 4125 744 4201 ager,
764 4127 982 4198 respersaque
1001 4101 1117 4170 cultris
