<?xml version="1.0" encoding="UTF-8"?>
<!DOCTYPE html PUBLIC "-//W3C//DTD XHTML 1.0 Transitional//EN"
    "http://www.w3.org/TR/xhtml1/DTD/xhtml1-transitional.dtd">
<html xmlns="http://www.w3.org/1999/xhtml" xml:lang="en" lang="en">
 <head>
  <title>
</title>
<meta http-equiv="Content-Type" content="text/html;charset=utf-8" />
  <meta name='ocr-system' content='tesseract 3.04.00' />
  <meta name='ocr-capabilities' content='ocr_page ocr_carea ocr_par ocr_line ocrx_word'/>
</head>
<body>
  <div class='ocr_page' id='page_1' title='image "./publiipapiniist01statgoog_0271.png"; bbox 0 0 2812 5258; ppageno 0'>
   <div class='ocr_carea' id='block_1_1' title="bbox 323 468 1102 549">
    <p class='ocr_par' dir='ltr' id='par_1_1' title="bbox 323 468 1102 549">
     <span class='ocr_line' id='line_1_1' title="bbox 323 468 1102 549; baseline 0.01 -27"><span class='ocrx_word' id='word_1_1' title='bbox 323 468 363 522; x_wconf 88' lang='lat' dir='ltr'><strong>IN</strong></span> <span class='ocrx_word' id='word_1_2' title='bbox 382 469 411 520; x_wconf 90' lang='lat' dir='ltr'><strong>P.</strong></span> <span class='ocrx_word' id='word_1_3' title='bbox 432 470 461 521; x_wconf 90' lang='lat' dir='ltr'><strong>P.</strong></span> <span class='ocrx_word' id='word_1_4' title='bbox 483 468 608 522; x_wconf 78' lang='lat' dir='ltr'>STATII</span> <span class='ocrx_word' id='word_1_5' title='bbox 630 468 723 522; x_wconf 85' lang='lat' dir='ltr'>SILV.</span> <span class='ocrx_word' id='word_1_6' title='bbox 743 469 811 523; x_wconf 86' lang='lat' dir='ltr'>LIB.</span> <span class='ocrx_word' id='word_1_7' title='bbox 830 473 863 524; x_wconf 85' lang='lat' dir='ltr'><strong>V.</strong></span> <span class='ocrx_word' id='word_1_8' title='bbox 1046 477 1102 549; x_wconf 82' lang='lat'><strong>289</strong></span> 
     </span>
    </p>
   </div>
   <div class='ocr_carea' id='block_1_2' title="bbox 76 577 1106 2199">
    <p class='ocr_par' dir='ltr' id='par_1_2' title="bbox 76 577 1106 2199">
     <span class='ocr_line' id='line_1_2' title="bbox 123 577 1105 660; baseline 0.006 -24"><span class='ocrx_word' id='word_1_9' title='bbox 123 583 212 637; x_wconf 82' lang='lat' dir='ltr'><strong>Graia</strong></span> <span class='ocrx_word' id='word_1_10' title='bbox 225 579 307 650; x_wconf 76' lang='lat' dir='ltr'><strong>resen</strong></span> <span class='ocrx_word' id='word_1_11' title='bbox 320 582 393 635; x_wconf 82' lang='lat' dir='ltr'><strong>Selle</strong></span> <span class='ocrx_word' id='word_1_12' title='bbox 402 577 441 657; x_wconf 85' lang='lat' dir='ltr'><strong>(v.</strong></span> <span class='ocrx_word' id='word_1_13' title='bbox 458 577 533 654; x_wconf 68' lang='grc' dir='ltr'><strong>ιη),</strong></span> <span class='ocrx_word' id='word_1_14' title='bbox 547 603 559 628; x_wconf 68' lang='grc' dir='ltr'><strong><em>α</em></strong></span> <span class='ocrx_word' id='word_1_15' title='bbox 574 581 657 634; x_wconf 86' lang='lat' dir='ltr'><strong>Graia</strong></span> <span class='ocrx_word' id='word_1_16' title='bbox 670 581 742 636; x_wconf 83' lang='lat' dir='ltr'><strong>Selle</strong></span> <span class='ocrx_word' id='word_1_17' title='bbox 752 592 793 636; x_wconf 85' lang='lat' dir='ltr'><strong>est</strong></span> <span class='ocrx_word' id='word_1_18' title='bbox 806 583 899 653; x_wconf 88' lang='lat' dir='ltr'><strong>Velia,</strong></span> <span class='ocrx_word' id='word_1_19' title='bbox 913 585 1041 641; x_wconf 79' lang='lat' dir='ltr'><strong>Lucaniae</strong></span> <span class='ocrx_word' id='word_1_20' title='bbox 1050 606 1105 660; x_wconf 92' lang='lat' dir='ltr'><strong>op-</strong></span> 
     </span>
     <span class='ocr_line' id='line_1_3' title="bbox 78 670 1106 747; baseline 0.005 -20"><span class='ocrx_word' id='word_1_21' title='bbox 78 672 192 747; x_wconf 86' lang='lat' dir='ltr'><strong>pidum,</strong></span> <span class='ocrx_word' id='word_1_22' title='bbox 207 671 281 727; x_wconf 83' lang='lat' dir='ltr'><strong>dicta</strong></span> <span class='ocrx_word' id='word_1_23' title='bbox 292 674 394 738; x_wconf 82' lang='lat' dir='ltr'><strong>Graia,</strong></span> <span class='ocrx_word' id='word_1_24' title='bbox 410 670 545 744; x_wconf 86' lang='lat' dir='ltr'><strong>quoniam</strong></span> <span class='ocrx_word' id='word_1_25' title='bbox 558 689 574 724; x_wconf 91' lang='lat' dir='ltr'><strong>a</strong></span> <span class='ocrx_word' id='word_1_26' title='bbox 587 671 798 727; x_wconf 75' lang='lat' dir='ltr'><strong>Phocaeensibus</strong></span> <span class='ocrx_word' id='word_1_27' title='bbox 812 673 936 745; x_wconf 91' lang='lat' dir='ltr'><strong>condita,</strong></span> <span class='ocrx_word' id='word_1_28' title='bbox 950 684 1019 731; x_wconf 87' lang='lat' dir='ltr'><strong>teste</strong></span> <span class='ocrx_word' id='word_1_29' title='bbox 1027 677 1106 732; x_wconf 84' lang='lat' dir='ltr'><strong>Stra-</strong></span> 
     </span>
     <span class='ocr_line' id='line_1_4' title="bbox 79 762 1105 836; baseline 0.004 -17"><span class='ocrx_word' id='word_1_30' title='bbox 79 765 171 833; x_wconf 93' lang='lat' dir='ltr'><strong>bone,</strong></span> <span class='ocrx_word' id='word_1_31' title='bbox 192 763 239 818; x_wconf 90' lang='lat' dir='ltr'><strong>lib.</strong></span> <span class='ocrx_word' id='word_1_32' title='bbox 262 782 306 830; x_wconf 82' lang='lat' dir='ltr'><strong>vr,</strong></span> <span class='ocrx_word' id='word_1_33' title='bbox 330 762 390 817; x_wconf 88' lang='lat' dir='ltr'><strong>init.</strong></span> <span class='ocrx_word' id='word_1_34' title='bbox 419 763 510 815; x_wconf 79' lang='lat' dir='ltr'><strong>Latiis</strong></span> <span class='ocrx_word' id='word_1_35' title='bbox 531 762 641 815; x_wconf 84' lang='lat' dir='ltr'><strong>adscita</strong></span> <span class='ocrx_word' id='word_1_36' title='bbox 663 765 781 829; x_wconf 82' lang='lat' dir='ltr'><strong>colonis,</strong></span> <span class='ocrx_word' id='word_1_37' title='bbox 809 775 927 836; x_wconf 87' lang='lat' dir='ltr'><strong>propter</strong></span> <span class='ocrx_word' id='word_1_38' title='bbox 948 768 1105 823; x_wconf 78' lang='lat' dir='ltr'><strong>antitheton</strong></span> 
     </span>
     <span class='ocr_line' id='line_1_5' title="bbox 78 851 1104 926; baseline 0.004 -16"><span class='ocrx_word' id='word_1_39' title='bbox 78 855 167 911; x_wconf 87' lang='lat' dir='ltr'><strong>Statio</strong></span> <span class='ocrx_word' id='word_1_40' title='bbox 187 854 345 909; x_wconf 84' lang='lat' dir='ltr'><strong>adamatum</strong></span> <span class='ocrx_word' id='word_1_41' title='bbox 360 873 367 909; x_wconf 76' lang='grc' dir='ltr'><em>τ</em></span> <span class='ocrx_word' id='word_1_42' title='bbox 382 853 462 926; x_wconf 87' lang='lat' dir='ltr'><strong>quasi</strong></span> <span class='ocrx_word' id='word_1_43' title='bbox 480 851 593 908; x_wconf 77' lang='lat' dir='ltr'><strong>dixisset</strong></span> <span class='ocrx_word' id='word_1_44' title='bbox 606 853 679 906; x_wconf 87' lang='lat' dir='ltr'><strong>Selle</strong></span> <span class='ocrx_word' id='word_1_45' title='bbox 696 872 712 908; x_wconf 88' lang='lat' dir='ltr'><strong>a</strong></span> <span class='ocrx_word' id='word_1_46' title='bbox 729 855 830 908; x_wconf 73' lang='lat' dir='ltr'><strong>Graecis</strong></span> <span class='ocrx_word' id='word_1_47' title='bbox 849 856 1007 926; x_wconf 87' lang='lat' dir='ltr'><strong>condita,a</strong></span> <span class='ocrx_word' id='word_1_48' title='bbox 1025 859 1104 914; x_wconf 83' lang='lat' dir='ltr'><strong>Luti-</strong></span> 
     </span>
     <span class='ocr_line' id='line_1_6' title="bbox 79 944 1106 1019; baseline 0.003 -18"><span class='ocrx_word' id='word_1_49' title='bbox 79 948 122 1002; x_wconf 91' lang='lat' dir='ltr'><strong>nis</strong></span> <span class='ocrx_word' id='word_1_50' title='bbox 138 945 270 1001; x_wconf 84' lang='lat' dir='ltr'><strong>habitata.</strong></span> <span class='ocrx_word' id='word_1_51' title='bbox 288 946 345 1015; x_wconf 91' lang='lat' dir='ltr'><strong>Qui</strong></span> <span class='ocrx_word' id='word_1_52' title='bbox 366 944 401 1000; x_wconf 90' lang='lat' dir='ltr'><strong>de</strong></span> <span class='ocrx_word' id='word_1_53' title='bbox 423 944 493 999; x_wconf 86' lang='lat' dir='ltr'><strong>Selle</strong></span> <span class='ocrx_word' id='word_1_54' title='bbox 515 944 544 997; x_wconf 96' lang='lat' dir='ltr'><strong>in</strong></span> <span class='ocrx_word' id='word_1_55' title='bbox 562 944 648 1016; x_wconf 87' lang='lat' dir='ltr'><strong>Epiro</strong></span> <span class='ocrx_word' id='word_1_56' title='bbox 670 944 728 998; x_wconf 82' lang='lat' dir='ltr'><strong>haec</strong></span> <span class='ocrx_word' id='word_1_57' title='bbox 745 945 977 1019; x_wconf 81' lang='lat' dir='ltr'><strong>interpretantur,</strong></span> <span class='ocrx_word' id='word_1_58' title='bbox 994 960 1021 1002; x_wconf 94' lang='lat' dir='ltr'><strong>et</strong></span> <span class='ocrx_word' id='word_1_59' title='bbox 1040 950 1106 1004; x_wconf 89' lang='lat' dir='ltr'><strong>inde</strong></span> 
     </span>
     <span class='ocr_line' id='line_1_7' title="bbox 79 1035 1105 1111; baseline 0.003 -19"><span class='ocrx_word' id='word_1_60' title='bbox 79 1049 221 1094; x_wconf 85' lang='lat' dir='ltr'><strong>arcessunt</strong></span> <span class='ocrx_word' id='word_1_61' title='bbox 246 1055 335 1111; x_wconf 88' lang='lat' dir='ltr'><strong>genus</strong></span> <span class='ocrx_word' id='word_1_62' title='bbox 354 1035 463 1107; x_wconf 85' lang='lat' dir='ltr'><strong>Papinii</strong></span> <span class='ocrx_word' id='word_1_63' title='bbox 485 1035 587 1107; x_wconf 87' lang='lat' dir='ltr'><strong>patris,</strong></span> <span class='ocrx_word' id='word_1_64' title='bbox 603 1045 746 1107; x_wconf 80' lang='lat' dir='ltr'><strong>nugantur</strong></span> <span class='ocrx_word' id='word_1_65' title='bbox 763 1055 770 1088; x_wconf 93' lang='lat'><strong>:</strong></span> <span class='ocrx_word' id='word_1_66' title='bbox 788 1037 923 1109; x_wconf 90' lang='lat' dir='ltr'><strong>primurn,</strong></span> <span class='ocrx_word' id='word_1_67' title='bbox 943 1039 1009 1110; x_wconf 81' lang='lat' dir='ltr'><strong>quia</strong></span> <span class='ocrx_word' id='word_1_68' title='bbox 1030 1041 1105 1095; x_wconf 87' lang='lat' dir='ltr'><strong>nulla</strong></span> 
     </span>
     <span class='ocr_line' id='line_1_8' title="bbox 79 1125 1106 1201; baseline 0 -16"><span class='ocrx_word' id='word_1_69' title='bbox 79 1130 133 1185; x_wconf 85' lang='lat' dir='ltr'><strong>luit</strong></span> <span class='ocrx_word' id='word_1_70' title='bbox 147 1130 216 1184; x_wconf 89' lang='lat' dir='ltr'><strong>urbs</strong></span> <span class='ocrx_word' id='word_1_71' title='bbox 230 1148 264 1183; x_wconf 90' lang='lat' dir='ltr'><strong>eo</strong></span> <span class='ocrx_word' id='word_1_72' title='bbox 279 1127 392 1182; x_wconf 90' lang='lat' dir='ltr'><strong>nomine</strong></span> <span class='ocrx_word' id='word_1_73' title='bbox 414 1127 441 1180; x_wconf 93' lang='lat' dir='ltr'><strong>in</strong></span> <span class='ocrx_word' id='word_1_74' title='bbox 462 1125 557 1197; x_wconf 88' lang='lat' dir='ltr'><strong>Epiro.</strong></span> <span class='ocrx_word' id='word_1_75' title='bbox 572 1127 649 1180; x_wconf 69' lang='lat' dir='ltr'><strong>Sellae</strong></span> <span class='ocrx_word' id='word_1_76' title='bbox 666 1127 737 1180; x_wconf 92' lang='lat' dir='ltr'><strong>enim</strong></span> <span class='ocrx_word' id='word_1_77' title='bbox 753 1130 867 1200; x_wconf 88' lang='lat' dir='ltr'><strong>populi,</strong></span> <span class='ocrx_word' id='word_1_78' title='bbox 889 1129 939 1201; x_wconf 91' lang='lat' dir='ltr'><strong>qui</strong></span> <span class='ocrx_word' id='word_1_79' title='bbox 953 1140 980 1184; x_wconf 92' lang='lat' dir='ltr'><strong>et</strong></span> <span class='ocrx_word' id='word_1_80' title='bbox 993 1131 1059 1185; x_wconf 92' lang='lat' dir='ltr'><strong>Selli</strong></span> <span class='ocrx_word' id='word_1_81' title='bbox 1078 1142 1106 1186; x_wconf 91' lang='lat' dir='ltr'><strong>et</strong></span> 
     </span>
     <span class='ocr_line' id='line_1_9' title="bbox 79 1217 1105 1290; baseline 0 -14"><span class='ocrx_word' id='word_1_82' title='bbox 79 1222 152 1276; x_wconf 85' lang='lat' dir='ltr'><strong>Helli</strong></span> <span class='ocrx_word' id='word_1_83' title='bbox 170 1221 312 1288; x_wconf 88' lang='lat' dir='ltr'><strong>dicuntur,</strong></span> <span class='ocrx_word' id='word_1_84' title='bbox 328 1227 481 1274; x_wconf 88' lang='lat' dir='ltr'><strong>occurrunt</strong></span> <span class='ocrx_word' id='word_1_85' title='bbox 501 1217 577 1289; x_wconf 85' lang='lat' dir='ltr'><strong>apud</strong></span> <span class='ocrx_word' id='word_1_86' title='bbox 590 1217 708 1272; x_wconf 87' lang='lat' dir='ltr'><strong>Plinium</strong></span> <span class='ocrx_word' id='word_1_87' title='bbox 722 1229 750 1273; x_wconf 90' lang='lat' dir='ltr'><strong>et</strong></span> <span class='ocrx_word' id='word_1_88' title='bbox 761 1220 944 1290; x_wconf 77' lang='lat' dir='ltr'><strong>Straboncm5</strong></span> <span class='ocrx_word' id='word_1_89' title='bbox 962 1220 1010 1276; x_wconf 81' lang='lat' dir='ltr'><strong>sed</strong></span> <span class='ocrx_word' id='word_1_90' title='bbox 1028 1221 1105 1277; x_wconf 87' lang='lat' dir='ltr'><strong>nulla</strong></span> 
     </span>
     <span class='ocr_line' id='line_1_10' title="bbox 78 1309 1105 1385; baseline -0.003 -18"><span class='ocrx_word' id='word_1_91' title='bbox 78 1313 147 1367; x_wconf 88' lang='lat' dir='ltr'><strong>urbs</strong></span> <span class='ocrx_word' id='word_1_92' title='bbox 162 1314 242 1367; x_wconf 86' lang='lat' dir='ltr'><strong>Selle.</strong></span> <span class='ocrx_word' id='word_1_93' title='bbox 254 1312 364 1367; x_wconf 88' lang='lat' dir='ltr'><strong>Deinde</strong></span> <span class='ocrx_word' id='word_1_94' title='bbox 381 1309 527 1383; x_wconf 88' lang='lat' dir='ltr'><strong>quomodo</strong></span> <span class='ocrx_word' id='word_1_95' title='bbox 544 1328 601 1362; x_wconf 86' lang='lat' dir='ltr'><strong>esse</strong></span> <span class='ocrx_word' id='word_1_96' title='bbox 614 1310 708 1380; x_wconf 91' lang='lat' dir='ltr'><strong>potuit</strong></span> <span class='ocrx_word' id='word_1_97' title='bbox 722 1310 821 1365; x_wconf 81' lang='lat' dir='ltr'><strong>Sollius</strong></span> <span class='ocrx_word' id='word_1_98' title='bbox 838 1311 894 1366; x_wconf 87' lang='lat' dir='ltr'><strong>sive</strong></span> <span class='ocrx_word' id='word_1_99' title='bbox 911 1312 1105 1385; x_wconf 60' lang='lat' dir='ltr'><strong>Epirotasta.</strong></span> 
     </span>
     <span class='ocr_line' id='line_1_11' title="bbox 79 1399 1102 1476; baseline -0.002 -19"><span class='ocrx_word' id='word_1_100' title='bbox 79 1404 111 1457; x_wconf 91' lang='lat' dir='ltr'><strong>tii</strong></span> <span class='ocrx_word' id='word_1_101' title='bbox 130 1414 218 1475; x_wconf 87' lang='lat' dir='ltr'><strong>pater,</strong></span> <span class='ocrx_word' id='word_1_102' title='bbox 236 1421 324 1476; x_wconf 86' lang='lat' dir='ltr'><strong>quum</strong></span> <span class='ocrx_word' id='word_1_103' title='bbox 340 1418 440 1473; x_wconf 89' lang='lat' dir='ltr'><strong>supra,</strong></span> <span class='ocrx_word' id='word_1_104' title='bbox 458 1420 484 1453; x_wconf 88' lang='lat' dir='ltr'><strong>v.</strong></span> <span class='ocrx_word' id='word_1_105' title='bbox 503 1419 571 1471; x_wconf 87' lang='lat'><strong>119,</strong></span> <span class='ocrx_word' id='word_1_106' title='bbox 588 1399 692 1454; x_wconf 82' lang='lat' dir='ltr'><strong>dixerit</strong></span> <span class='ocrx_word' id='word_1_107' title='bbox 713 1399 799 1470; x_wconf 85' lang='lat' dir='ltr'><strong>filius,</strong></span> <span class='ocrx_word' id='word_1_108' title='bbox 813 1402 891 1456; x_wconf 90' lang='lat' dir='ltr'><strong>illum</strong></span> <span class='ocrx_word' id='word_1_109' title='bbox 910 1408 1036 1463; x_wconf 79' lang='lat' dir='ltr'><strong>sumsisse</strong></span> <span class='ocrx_word' id='word_1_110' title='bbox 1057 1424 1102 1464; x_wconf 84' lang='lat' dir='ltr'><strong>to.</strong></span> 
     </span>
     <span class='ocr_line' id='line_1_12' title="bbox 76 1492 1103 1570; baseline 0.008 -24"><span class='ocrx_word' id='word_1_111' title='bbox 76 1513 144 1567; x_wconf 82' lang='lat' dir='ltr'><strong>gom</strong></span> <span class='ocrx_word' id='word_1_112' title='bbox 155 1505 327 1567; x_wconf 72' lang='lat' dir='ltr'><strong>proeteaetom</strong></span> <span class='ocrx_word' id='word_1_113' title='bbox 342 1502 369 1546; x_wconf 98' lang='lat' dir='ltr'><strong>et</strong></span> <span class='ocrx_word' id='word_1_114' title='bbox 379 1492 484 1545; x_wconf 84' lang='lat' dir='ltr'><strong>bullam</strong></span> <span class='ocrx_word' id='word_1_115' title='bbox 493 1494 634 1543; x_wconf 74' lang='lat' dir='ltr'><strong>aureave?</strong></span> <span class='ocrx_word' id='word_1_116' title='bbox 649 1510 711 1563; x_wconf 85' lang='lat' dir='ltr'><strong>quae</strong></span> <span class='ocrx_word' id='word_1_117' title='bbox 719 1502 795 1546; x_wconf 90' lang='lat' dir='ltr'><strong>certe</strong></span> <span class='ocrx_word' id='word_1_118' title='bbox 804 1492 957 1552; x_wconf 81' lang='lat' dir='ltr'><strong>nobilitatis</strong></span> <span class='ocrx_word' id='word_1_119' title='bbox 965 1517 1103 1570; x_wconf 84' lang='lat' dir='ltr'><strong>romanae,</strong></span> 
     </span>
     <span class='ocr_line' id='line_1_13' title="bbox 79 1582 1102 1665; baseline 0.005 -25"><span class='ocrx_word' id='word_1_120' title='bbox 79 1604 136 1640; x_wconf 88' lang='lat' dir='ltr'><strong>non</strong></span> <span class='ocrx_word' id='word_1_121' title='bbox 150 1586 291 1660; x_wconf 88' lang='lat' dir='ltr'><strong>epiroticae</strong></span> <span class='ocrx_word' id='word_1_122' title='bbox 304 1583 423 1657; x_wconf 85' lang='lat' dir='ltr'><strong>insignia</strong></span> <span class='ocrx_word' id='word_1_123' title='bbox 439 1583 562 1637; x_wconf 85' lang='lat' dir='ltr'><strong>luerunt.</strong></span> <span class='ocrx_word' id='word_1_124' title='bbox 580 1584 694 1637; x_wconf 88' lang='lat' dir='ltr'><strong>Necesse</strong></span> <span class='ocrx_word' id='word_1_125' title='bbox 709 1593 749 1637; x_wconf 88' lang='lat' dir='ltr'><strong>est</strong></span> <span class='ocrx_word' id='word_1_126' title='bbox 758 1582 843 1656; x_wconf 87' lang='lat' dir='ltr'><strong>igitur</strong></span> <span class='ocrx_word' id='word_1_127' title='bbox 856 1584 912 1640; x_wconf 76' lang='lat' dir='ltr'><strong>salli</strong></span> <span class='ocrx_word' id='word_1_128' title='bbox 926 1589 1028 1643; x_wconf 87' lang='lat' dir='ltr'><strong>Lilium</strong></span> <span class='ocrx_word' id='word_1_129' title='bbox 1042 1593 1102 1665; x_wconf 83' lang='lat' dir='ltr'><strong>Gy-</strong></span> 
     </span>
     <span class='ocr_line' id='line_1_14' title="bbox 78 1672 1103 1747; baseline 0.006 -17"><span class='ocrx_word' id='word_1_130' title='bbox 78 1677 203 1744; x_wconf 85' lang='lat' dir='ltr'><strong>raldum,</strong></span> <span class='ocrx_word' id='word_1_131' title='bbox 229 1677 343 1747; x_wconf 80' lang='lat' dir='ltr'><strong>Dialog.</strong></span> <span class='ocrx_word' id='word_1_132' title='bbox 368 1693 411 1741; x_wconf 83' lang='lat' dir='ltr'><strong>iv,</strong></span> <span class='ocrx_word' id='word_1_133' title='bbox 430 1682 457 1726; x_wconf 89' lang='lat' dir='ltr'><strong>et</strong></span> <span class='ocrx_word' id='word_1_134' title='bbox 476 1672 630 1728; x_wconf 88' lang='lat' dir='ltr'><strong>Domitium</strong></span> <span class='ocrx_word' id='word_1_135' title='bbox 646 1673 824 1728; x_wconf 86' lang='lat' dir='ltr'><strong>Calderinum</strong></span> <span class='ocrx_word' id='word_1_136' title='bbox 845 1687 873 1730; x_wconf 94' lang='lat' dir='ltr'><strong>et</strong></span> <span class='ocrx_word' id='word_1_137' title='bbox 899 1688 1005 1734; x_wconf 90' lang='lat' dir='ltr'><strong>ceteros</strong></span> <span class='ocrx_word' id='word_1_138' title='bbox 1027 1681 1103 1737; x_wconf 83' lang='lat' dir='ltr'><strong>viros</strong></span> 
     </span>
     <span class='ocr_line' id='line_1_15' title="bbox 79 1764 1103 1844; baseline 0.005 -23"><span class='ocrx_word' id='word_1_139' title='bbox 79 1767 197 1834; x_wconf 89' lang='lat' dir='ltr'><strong>doctos,</strong></span> <span class='ocrx_word' id='word_1_140' title='bbox 215 1767 264 1839; x_wconf 88' lang='lat' dir='ltr'><strong>qui</strong></span> <span class='ocrx_word' id='word_1_141' title='bbox 283 1767 375 1824; x_wconf 85' lang='lat' dir='ltr'><strong>Sellen</strong></span> <span class='ocrx_word' id='word_1_142' title='bbox 389 1764 433 1817; x_wconf 84' lang='lat' dir='ltr'><strong>vel</strong></span> <span class='ocrx_word' id='word_1_143' title='bbox 448 1764 539 1817; x_wconf 84' lang='lat' dir='ltr'><strong>Sellas</strong></span> <span class='ocrx_word' id='word_1_144' title='bbox 558 1765 738 1836; x_wconf 84' lang='lat' dir='ltr'><strong>Epirotarum</strong></span> <span class='ocrx_word' id='word_1_145' title='bbox 756 1766 875 1837; x_wconf 76' lang='lat' dir='ltr'><strong>patriam</strong></span> <span class='ocrx_word' id='word_1_146' title='bbox 894 1770 1001 1842; x_wconf 90' lang='lat' dir='ltr'><strong>Papinii</strong></span> <span class='ocrx_word' id='word_1_147' title='bbox 1016 1773 1103 1844; x_wconf 85' lang='lat' dir='ltr'><strong>patris</strong></span> 
     </span>
     <span class='ocr_line' id='line_1_16' title="bbox 78 1853 1101 1929; baseline 0.005 -17"><span class='ocrx_word' id='word_1_148' title='bbox 78 1867 250 1924; x_wconf 86' lang='lat' dir='ltr'><strong>statuerunt,</strong></span> <span class='ocrx_word' id='word_1_149' title='bbox 264 1875 352 1929; x_wconf 90' lang='lat' dir='ltr'><strong>quum</strong></span> <span class='ocrx_word' id='word_1_150' title='bbox 364 1854 447 1926; x_wconf 90' lang='lat' dir='ltr'><strong>plane</strong></span> <span class='ocrx_word' id='word_1_151' title='bbox 456 1853 570 1908; x_wconf 90' lang='lat' dir='ltr'><strong>Velinus</strong></span> <span class='ocrx_word' id='word_1_152' title='bbox 586 1856 639 1908; x_wconf 83' lang='lat' dir='ltr'><strong>luit</strong></span> <span class='ocrx_word' id='word_1_153' title='bbox 654 1856 689 1910; x_wconf 91' lang='lat' dir='ltr'><strong>de</strong></span> <span class='ocrx_word' id='word_1_154' title='bbox 702 1866 811 1929; x_wconf 73' lang='lat' dir='ltr'><strong>gente.»</strong></span> <span class='ocrx_word' id='word_1_155' title='bbox 824 1861 936 1915; x_wconf 73' lang='lat' dir='ltr'><strong>Minu..</strong></span> <span class='ocrx_word' id='word_1_156' title='bbox 951 1862 1101 1928; x_wconf 82' lang='lat' dir='ltr'><strong>Quaeidem</strong></span> 
     </span>
     <span class='ocr_line' id='line_1_17' title="bbox 79 1943 1103 2017; baseline 0.007 -16"><span class='ocrx_word' id='word_1_157' title='bbox 79 1947 174 2017; x_wconf 87' lang='lat' dir='ltr'><strong>adjicit</strong></span> <span class='ocrx_word' id='word_1_158' title='bbox 188 1947 222 2002; x_wconf 91' lang='lat' dir='ltr'><strong>de</strong></span> <span class='ocrx_word' id='word_1_159' title='bbox 241 1945 319 2000; x_wconf 89' lang='lat' dir='ltr'><strong>urbis</strong></span> <span class='ocrx_word' id='word_1_160' title='bbox 334 1944 420 1997; x_wconf 79' lang='lat' dir='ltr'><strong>Veliae</strong></span> <span class='ocrx_word' id='word_1_161' title='bbox 439 1943 600 1997; x_wconf 88' lang='lat' dir='ltr'><strong>nominibus</strong></span> <span class='ocrx_word' id='word_1_162' title='bbox 617 1946 715 2013; x_wconf 83' lang='lat' dir='ltr'><strong>variis,</strong></span> <span class='ocrx_word' id='word_1_163' title='bbox 737 1964 769 2000; x_wconf 85' lang='lat' dir='ltr'><strong>ea</strong></span> <span class='ocrx_word' id='word_1_164' title='bbox 785 1946 842 2017; x_wconf 85' lang='lat' dir='ltr'><strong>jam</strong></span> <span class='ocrx_word' id='word_1_165' title='bbox 860 1950 957 2004; x_wconf 88' lang='lat' dir='ltr'><strong>melius</strong></span> <span class='ocrx_word' id='word_1_166' title='bbox 964 1951 1103 2008; x_wconf 89' lang='lat' dir='ltr'><strong>habentur</strong></span> 
     </span>
     <span class='ocr_line' id='line_1_18' title="bbox 79 2035 1101 2114; baseline 0.008 -22"><span class='ocrx_word' id='word_1_167' title='bbox 79 2039 108 2092; x_wconf 97' lang='lat' dir='ltr'><strong>in</strong></span> <span class='ocrx_word' id='word_1_168' title='bbox 122 2041 263 2094; x_wconf 88' lang='lat' dir='ltr'><strong>Mueuteri</strong></span> <span class='ocrx_word' id='word_1_169' title='bbox 281 2037 368 2092; x_wconf 91' lang='lat' dir='ltr'><strong>docto</strong></span> <span class='ocrx_word' id='word_1_170' title='bbox 383 2037 478 2090; x_wconf 91' lang='lat' dir='ltr'><strong>libello</strong></span> <span class='ocrx_word' id='word_1_171' title='bbox 499 2035 534 2089; x_wconf 88' lang='lat' dir='ltr'><strong>de</strong></span> <span class='ocrx_word' id='word_1_172' title='bbox 549 2035 601 2089; x_wconf 84' lang='lat' dir='ltr'><strong>hac</strong></span> <span class='ocrx_word' id='word_1_173' title='bbox 615 2037 684 2091; x_wconf 92' lang='lat' dir='ltr'><strong>urbe</strong></span> <span class='ocrx_word' id='word_1_174' title='bbox 703 2057 709 2090; x_wconf 92' lang='lat'><strong>:</strong></span> <span class='ocrx_word' id='word_1_175' title='bbox 728 2038 809 2092; x_wconf 76' lang='lat' dir='ltr'><strong>Velia</strong></span> <span class='ocrx_word' id='word_1_176' title='bbox 827 2041 855 2093; x_wconf 81' lang='lat' dir='ltr'><strong>in</strong></span> <span class='ocrx_word' id='word_1_177' title='bbox 871 2043 1026 2114; x_wconf 75' lang='lat' dir='ltr'><strong>Lucanica,</strong></span> <span class='ocrx_word' id='word_1_178' title='bbox 1039 2046 1101 2100; x_wconf 92' lang='lat' dir='ltr'><strong>coll.</strong></span> 
     </span>
     <span class='ocr_line' id='line_1_19' title="bbox 79 2127 646 2199; baseline -0.009 -15"><span class='ocrx_word' id='word_1_179' title='bbox 79 2129 227 2185; x_wconf 81' lang='lat' dir='ltr'><strong>ttiddianis</strong></span> <span class='ocrx_word' id='word_1_180' title='bbox 243 2129 279 2183; x_wconf 87' lang='lat' dir='ltr'><strong>ad</strong></span> <span class='ocrx_word' id='word_1_181' title='bbox 293 2131 402 2182; x_wconf 83' lang='lat' dir='ltr'><strong>Dawes.</strong></span> <span class='ocrx_word' id='word_1_182' title='bbox 421 2127 520 2191; x_wconf 69' lang='lat' dir='ltr'><strong>Mire,</strong></span> <span class='ocrx_word' id='word_1_183' title='bbox 536 2145 565 2199; x_wconf 90' lang='lat' dir='ltr'><strong>p.</strong></span> <span class='ocrx_word' id='word_1_184' title='bbox 581 2144 646 2180; x_wconf 82' lang='lat'>210.</span> 
     </span>
    </p>
   </div>
   <div class='ocr_carea' id='block_1_3' title="bbox 121 2228 1101 2310">
    <p class='ocr_par' dir='ltr' id='par_1_3' title="bbox 121 2228 1101 2310">
     <span class='ocr_line' id='line_1_20' title="bbox 121 2228 1101 2310; baseline 0.002 -21"><span class='ocrx_word' id='word_1_185' title='bbox 121 2236 224 2289; x_wconf 77' lang='lat' dir='ltr'><strong>Graius</strong></span> <span class='ocrx_word' id='word_1_186' title='bbox 237 2253 292 2307; x_wconf 84' lang='lat' dir='ltr'><strong>qua</strong></span> <span class='ocrx_word' id='word_1_187' title='bbox 305 2250 406 2305; x_wconf 81' lang='lat' dir='ltr'><strong>puppe</strong></span> <span class='ocrx_word' id='word_1_188' title='bbox 426 2232 560 2302; x_wconf 77' lang='lat' dir='ltr'><strong>magister</strong></span> <span class='ocrx_word' id='word_1_189' title='bbox 571 2228 609 2305; x_wconf 79' lang='lat' dir='ltr'><strong>(v.</strong></span> <span class='ocrx_word' id='word_1_190' title='bbox 629 2249 679 2300; x_wconf 79' lang='lat'><strong>¹²7</strong></span> <span class='ocrx_word' id='word_1_191' title='bbox 695 2230 759 2308; x_wconf 77' lang='lat' dir='ltr'><strong>sq.).</strong></span> <span class='ocrx_word' id='word_1_192' title='bbox 778 2234 939 2290; x_wconf 80' lang='lat' dir='ltr'><strong>Palinurum</strong></span> <span class='ocrx_word' id='word_1_193' title='bbox 952 2236 1034 2306; x_wconf 89' lang='lat' dir='ltr'><strong>dicit,</strong></span> <span class='ocrx_word' id='word_1_194' title='bbox 1052 2239 1101 2310; x_wconf 89' lang='lat' dir='ltr'><strong>qui</strong></span> 
     </span>
    </p>
   </div>
   <div class='ocr_carea' id='block_1_4' title="bbox 78 2322 1101 2578">
    <p class='ocr_par' dir='ltr' id='par_1_4' title="bbox 78 2322 1101 2578">
     <span class='ocr_line' id='line_1_21' title="bbox 79 2322 1101 2399; baseline 0.002 -18"><span class='ocrx_word' id='word_1_195' title='bbox 79 2346 168 2399; x_wconf 87' lang='lat' dir='ltr'><strong>prope</strong></span> <span class='ocrx_word' id='word_1_196' title='bbox 181 2325 288 2380; x_wconf 86' lang='lat' dir='ltr'><strong>Veliam</strong></span> <span class='ocrx_word' id='word_1_197' title='bbox 303 2322 386 2377; x_wconf 86' lang='lat' dir='ltr'><strong>undis</strong></span> <span class='ocrx_word' id='word_1_198' title='bbox 399 2322 556 2391; x_wconf 86' lang='lat' dir='ltr'><strong>demersus,</strong></span> <span class='ocrx_word' id='word_1_199' title='bbox 566 2322 616 2377; x_wconf 91' lang='lat' dir='ltr'><strong>ubi</strong></span> <span class='ocrx_word' id='word_1_200' title='bbox 627 2325 988 2397; x_wconf 71' lang='lat' dir='ltr'><strong>Palirrun&#39;lrromontorr‘um,</strong></span> <span class='ocrx_word' id='word_1_201' title='bbox 1003 2339 1101 2383; x_wconf 91' lang='lat' dir='ltr'><strong>notum</strong></span> 
     </span>
     <span class='ocr_line' id='line_1_22' title="bbox 78 2413 1101 2491; baseline 0.001 -19"><span class='ocrx_word' id='word_1_202' title='bbox 78 2438 113 2473; x_wconf 81' lang='lat' dir='ltr'><strong>ex</strong></span> <span class='ocrx_word' id='word_1_203' title='bbox 132 2417 258 2491; x_wconf 79' lang='lat' dir='ltr'><strong>virgilio.</strong></span> <span class='ocrx_word' id='word_1_204' title='bbox 276 2415 332 2470; x_wconf 90' lang='lat' dir='ltr'><strong>Sed</strong></span> <span class='ocrx_word' id='word_1_205' title='bbox 353 2413 493 2468; x_wconf 89' lang='lat' dir='ltr'><strong>edendum</strong></span> <span class='ocrx_word' id='word_1_206' title='bbox 512 2425 571 2468; x_wconf 88' lang='lat' dir='ltr'><strong>erat</strong></span> <span class='ocrx_word' id='word_1_207' title='bbox 583 2415 810 2487; x_wconf 74' lang='lat' dir='ltr'><strong>Phrygn&#39;us,non</strong></span> <span class='ocrx_word' id='word_1_208' title='bbox 831 2419 947 2485; x_wconf 82' lang='lat' dir='ltr'><strong>Graius,</strong></span> <span class='ocrx_word' id='word_1_209' title='bbox 965 2438 981 2474; x_wconf 93' lang='lat' dir='ltr'><strong>e</strong></span> <span class='ocrx_word' id='word_1_210' title='bbox 996 2421 1101 2475; x_wconf 86' lang='lat' dir='ltr'><strong>Heinsii</strong></span> 
     </span>
     <span class='ocr_line' id='line_1_23' title="bbox 78 2504 805 2578; baseline -0.006 -14"><span class='ocrx_word' id='word_1_211' title='bbox 78 2511 156 2577; x_wconf 84' lang='lat' dir='ltr'><strong>cod,</strong></span> <span class='ocrx_word' id='word_1_212' title='bbox 171 2507 313 2575; x_wconf 83' lang='lat' dir='ltr'><strong>Parisino,</strong></span> <span class='ocrx_word' id='word_1_213' title='bbox 331 2504 465 2578; x_wconf 63' lang='lat' dir='ltr'><strong>Rhedig,</strong></span> <span class='ocrx_word' id='word_1_214' title='bbox 481 2514 508 2558; x_wconf 90' lang='lat' dir='ltr'><strong>et</strong></span> <span class='ocrx_word' id='word_1_215' title='bbox 522 2505 565 2561; x_wconf 90' lang='lat' dir='ltr'><strong>ed.</strong></span> <span class='ocrx_word' id='word_1_216' title='bbox 584 2524 627 2578; x_wconf 87' lang='lat' dir='ltr'><strong>pr.</strong></span> <span class='ocrx_word' id='word_1_217' title='bbox 642 2508 674 2558; x_wconf 93' lang='lat' dir='ltr'><strong>V.</strong></span> <span class='ocrx_word' id='word_1_218' title='bbox 690 2508 805 2560; x_wconf 70' lang='lat' dir='ltr'><strong>Munus.</strong></span> 
     </span>
    </p>
   </div>
   <div class='ocr_carea' id='block_1_5' title="bbox 76 2606 1102 3595">
    <p class='ocr_par' dir='ltr' id='par_1_5' title="bbox 76 2606 1102 3595">
     <span class='ocr_line' id='line_1_24' title="bbox 118 2606 1100 2684; baseline -0.002 -17"><span class='ocrx_word' id='word_1_219' title='bbox 118 2616 214 2668; x_wconf 83' lang='lat' dir='ltr'><strong>Maeon</strong></span> <span class='ocrx_word' id='word_1_220' title='bbox 235 2623 263 2666; x_wconf 86' lang='lat' dir='ltr'><strong>et</strong></span> <span class='ocrx_word' id='word_1_221' title='bbox 280 2612 345 2664; x_wconf 80' lang='lat' dir='ltr'><strong>r&#39;rrde</strong></span> <span class='ocrx_word' id='word_1_222' title='bbox 362 2629 441 2663; x_wconf 77' lang='lat' dir='ltr'><strong>suum</strong></span> <span class='ocrx_word' id='word_1_223' title='bbox 455 2606 492 2684; x_wconf 75' lang='grc' dir='ltr'><strong>(ν.</strong></span> <span class='ocrx_word' id='word_1_224' title='bbox 512 2627 565 2682; x_wconf 81' lang='lat'><strong>129</strong></span> <span class='ocrx_word' id='word_1_225' title='bbox 581 2606 664 2684; x_wconf 90' lang='lat' dir='ltr'><strong>sqq.).</strong></span> <span class='ocrx_word' id='word_1_226' title='bbox 684 2610 802 2684; x_wconf 77' lang='lat' dir='ltr'><strong>Egregie</strong></span> <span class='ocrx_word' id='word_1_227' title='bbox 816 2611 899 2680; x_wconf 87' lang='lat' dir='ltr'><strong>hujus</strong></span> <span class='ocrx_word' id='word_1_228' title='bbox 913 2611 968 2666; x_wconf 90' lang='lat' dir='ltr'><strong>loci</strong></span> <span class='ocrx_word' id='word_1_229' title='bbox 988 2622 1100 2665; x_wconf 90' lang='lat' dir='ltr'><strong>senten-</strong></span> 
     </span>
     <span class='ocr_line' id='line_1_25' title="bbox 79 2698 1100 2779; baseline -0.002 -20"><span class='ocrx_word' id='word_1_230' title='bbox 79 2707 145 2761; x_wconf 86' lang='lat' dir='ltr'><strong>tiam</strong></span> <span class='ocrx_word' id='word_1_231' title='bbox 164 2702 306 2779; x_wconf 85' lang='lat' dir='ltr'><strong>perspexit</strong></span> <span class='ocrx_word' id='word_1_232' title='bbox 325 2701 441 2768; x_wconf 71' lang='lat' dir='ltr'><strong>Marti,</strong></span> <span class='ocrx_word' id='word_1_233' title='bbox 456 2698 548 2755; x_wconf 89' lang='lat' dir='ltr'><strong>minus</strong></span> <span class='ocrx_word' id='word_1_234' title='bbox 568 2700 641 2755; x_wconf 77' lang='lat' dir='ltr'><strong>felici</strong></span> <span class='ocrx_word' id='word_1_235' title='bbox 657 2718 784 2754; x_wconf 89' lang='lat' dir='ltr'><strong>successu</strong></span> <span class='ocrx_word' id='word_1_236' title='bbox 802 2701 972 2754; x_wconf 81' lang='lat' dir='ltr'><strong>sanationem</strong></span> <span class='ocrx_word' id='word_1_237' title='bbox 987 2719 1100 2776; x_wconf 87' lang='lat' dir='ltr'><strong>aggres-</strong></span> 
     </span>
     <span class='ocr_line' id='line_1_26' title="bbox 78 2790 1101 2863; baseline -0.005 -11"><span class='ocrx_word' id='word_1_238' title='bbox 78 2816 132 2852; x_wconf 89' lang='lat' dir='ltr'><strong>sus.</strong></span> <span class='ocrx_word' id='word_1_239' title='bbox 148 2798 264 2850; x_wconf 85' lang='lat' dir='ltr'><strong>Necesse</strong></span> <span class='ocrx_word' id='word_1_240' title='bbox 283 2793 356 2847; x_wconf 91' lang='lat' dir='ltr'><strong>enim</strong></span> <span class='ocrx_word' id='word_1_241' title='bbox 371 2803 456 2846; x_wconf 89' lang='lat' dir='ltr'><strong>estut</strong></span> <span class='ocrx_word' id='word_1_242' title='bbox 471 2792 529 2863; x_wconf 87' lang='lat' dir='ltr'><strong>jam</strong></span> <span class='ocrx_word' id='word_1_243' title='bbox 549 2791 686 2863; x_wconf 87' lang='lat' dir='ltr'><strong>probetur</strong></span> <span class='ocrx_word' id='word_1_244' title='bbox 706 2790 775 2844; x_wconf 92' lang='lat' dir='ltr'><strong>illud</strong></span> <span class='ocrx_word' id='word_1_245' title='bbox 793 2791 951 2863; x_wconf 78' lang='lat' dir='ltr'><strong>ambignrum</strong></span> <span class='ocrx_word' id='word_1_246' title='bbox 966 2805 1101 2847; x_wconf 77' lang='lat' dir='ltr'><strong>certamen</strong></span> 
     </span>
     <span class='ocr_line' id='line_1_27' title="bbox 76 2883 1101 2962; baseline -0.004 -20"><span class='ocrx_word' id='word_1_247' title='bbox 76 2890 196 2962; x_wconf 77' lang='lat' dir='ltr'><strong>geminae</strong></span> <span class='ocrx_word' id='word_1_248' title='bbox 214 2899 295 2942; x_wconf 75' lang='lat' dir='ltr'><strong>teme</strong></span> <span class='ocrx_word' id='word_1_249' title='bbox 314 2905 323 2938; x_wconf 89' lang='lat'><em>:</em></span> <span class='ocrx_word' id='word_1_250' title='bbox 340 2903 392 2939; x_wconf 92' lang='lat' dir='ltr'><strong>nec</strong></span> <span class='ocrx_word' id='word_1_251' title='bbox 416 2903 481 2938; x_wconf 87' lang='lat' dir='ltr'><strong>sane</strong></span> <span class='ocrx_word' id='word_1_252' title='bbox 501 2883 558 2936; x_wconf 76' lang='lat' dir='ltr'><strong>alise</strong></span> <span class='ocrx_word' id='word_1_253' title='bbox 577 2900 635 2936; x_wconf 89' lang='lat' dir='ltr'><strong>esse</strong></span> <span class='ocrx_word' id='word_1_254' title='bbox 652 2892 769 2954; x_wconf 84' lang='lat' dir='ltr'><strong>possunt</strong></span> <span class='ocrx_word' id='word_1_255' title='bbox 784 2899 871 2953; x_wconf 88' lang='lat' dir='ltr'><strong>quam</strong></span> <span class='ocrx_word' id='word_1_256' title='bbox 888 2883 967 2937; x_wconf 90' lang='lat' dir='ltr'><strong>Velia</strong></span> <span class='ocrx_word' id='word_1_257' title='bbox 986 2894 1013 2937; x_wconf 90' lang='lat' dir='ltr'><strong>et</strong></span> <span class='ocrx_word' id='word_1_258' title='bbox 1027 2885 1101 2938; x_wconf 83' lang='lat' dir='ltr'><strong>Nea-</strong></span> 
     </span>
     <span class='ocr_line' id='line_1_28' title="bbox 79 2973 1101 3050; baseline -0.003 -19"><span class='ocrx_word' id='word_1_259' title='bbox 79 2979 159 3050; x_wconf 83' lang='lat' dir='ltr'><strong>polis.</strong></span> <span class='ocrx_word' id='word_1_260' title='bbox 182 2978 312 3032; x_wconf 87' lang='lat' dir='ltr'><strong>Similiter</strong></span> <span class='ocrx_word' id='word_1_261' title='bbox 332 2976 367 3030; x_wconf 89' lang='lat' dir='ltr'><strong>dc</strong></span> <span class='ocrx_word' id='word_1_262' title='bbox 386 2974 501 3029; x_wconf 87' lang='lat' dir='ltr'><strong>Homeri</strong></span> <span class='ocrx_word' id='word_1_263' title='bbox 518 2973 608 3045; x_wconf 89' lang='lat' dir='ltr'><strong>patria</strong></span> <span class='ocrx_word' id='word_1_264' title='bbox 622 2982 794 3026; x_wconf 85' lang='lat' dir='ltr'><strong>certaverant</strong></span> <span class='ocrx_word' id='word_1_265' title='bbox 814 2992 907 3046; x_wconf 77' lang='lat' dir='ltr'><strong>graecae</strong></span> <span class='ocrx_word' id='word_1_266' title='bbox 920 2974 1003 3029; x_wconf 88' lang='lat' dir='ltr'><strong>urbes</strong></span> <span class='ocrx_word' id='word_1_267' title='bbox 1017 2993 1024 3027; x_wconf 75' lang='grc' dir='ltr'><em>τ</em></span> <span class='ocrx_word' id='word_1_268' title='bbox 1039 2993 1101 3047; x_wconf 83' lang='lat' dir='ltr'><strong>quse</strong></span> 
     </span>
     <span class='ocr_line' id='line_1_29' title="bbox 80 3064 1100 3142; baseline -0.004 -19"><span class='ocrx_word' id='word_1_269' title='bbox 80 3067 227 3142; x_wconf 88' lang='lat' dir='ltr'><strong>benignior</strong></span> <span class='ocrx_word' id='word_1_270' title='bbox 240 3069 329 3124; x_wconf 85' lang='lat' dir='ltr'><strong>Statio</strong></span> <span class='ocrx_word' id='word_1_271' title='bbox 347 3067 476 3133; x_wconf 87' lang='lat' dir='ltr'><strong>materia,</strong></span> <span class='ocrx_word' id='word_1_272' title='bbox 492 3084 575 3138; x_wconf 86' lang='lat' dir='ltr'><strong>quarn</strong></span> <span class='ocrx_word' id='word_1_273' title='bbox 591 3075 621 3118; x_wconf 93' lang='lat' dir='ltr'><strong>ut</strong></span> <span class='ocrx_word' id='word_1_274' title='bbox 634 3082 692 3117; x_wconf 88' lang='lat' dir='ltr'><strong>uno</strong></span> <span class='ocrx_word' id='word_1_275' title='bbox 709 3064 832 3118; x_wconf 85' lang='lat' dir='ltr'><strong>alterove</strong></span> <span class='ocrx_word' id='word_1_276' title='bbox 844 3083 926 3119; x_wconf 86' lang='lat' dir='ltr'><strong>versu</strong></span> <span class='ocrx_word' id='word_1_277' title='bbox 946 3083 977 3119; x_wconf 92' lang='lat' dir='ltr'><strong>ea</strong></span> <span class='ocrx_word' id='word_1_278' title='bbox 997 3064 1100 3119; x_wconf 86' lang='lat' dir='ltr'><strong>desun-</strong></span> 
     </span>
     <span class='ocr_line' id='line_1_30' title="bbox 80 3155 1101 3233; baseline -0.001 -22"><span class='ocrx_word' id='word_1_279' title='bbox 80 3169 200 3232; x_wconf 78' lang='lat' dir='ltr'><strong>gcretun</strong></span> <span class='ocrx_word' id='word_1_280' title='bbox 221 3160 327 3214; x_wconf 86' lang='lat' dir='ltr'><strong>Desunt</strong></span> <span class='ocrx_word' id='word_1_281' title='bbox 347 3159 433 3233; x_wconf 89' lang='lat' dir='ltr'><strong>igitur</strong></span> <span class='ocrx_word' id='word_1_282' title='bbox 462 3157 568 3228; x_wconf 87' lang='lat' dir='ltr'><strong>aliqua,</strong></span> <span class='ocrx_word' id='word_1_283' title='bbox 589 3173 712 3228; x_wconf 90' lang='lat' dir='ltr'><strong>quorum</strong></span> <span class='ocrx_word' id='word_1_284' title='bbox 729 3155 1017 3209; x_wconf 84' lang='lat' dir='ltr'><strong>convenientissimum</strong></span> <span class='ocrx_word' id='word_1_285' title='bbox 1036 3155 1101 3210; x_wconf 89' lang='lat' dir='ltr'><strong>huic</strong></span> 
     </span>
     <span class='ocr_line' id='line_1_31' title="bbox 80 3247 1102 3322; baseline -0.003 -19"><span class='ocrx_word' id='word_1_286' title='bbox 80 3250 219 3303; x_wconf 77' lang='lat' dir='ltr'><strong>sententiae</strong></span> <span class='ocrx_word' id='word_1_287' title='bbox 232 3250 399 3322; x_wconf 87' lang='lat' dir='ltr'><strong>principium</strong></span> <span class='ocrx_word' id='word_1_288' title='bbox 409 3249 477 3305; x_wconf 87' lang='lat' dir='ltr'><strong>dant</strong></span> <span class='ocrx_word' id='word_1_289' title='bbox 494 3248 557 3303; x_wconf 89' lang='lat' dir='ltr'><strong>cod.</strong></span> <span class='ocrx_word' id='word_1_290' title='bbox 572 3247 690 3319; x_wconf 86' lang='lat' dir='ltr'><strong>Rhedig.</strong></span> <span class='ocrx_word' id='word_1_291' title='bbox 706 3257 733 3301; x_wconf 88' lang='lat' dir='ltr'><strong>et</strong></span> <span class='ocrx_word' id='word_1_292' title='bbox 747 3247 829 3301; x_wconf 87' lang='lat' dir='ltr'><strong>Paris.</strong></span> <span class='ocrx_word' id='word_1_293' title='bbox 848 3265 864 3301; x_wconf 89' lang='lat' dir='ltr'><strong>a</strong></span> <span class='ocrx_word' id='word_1_294' title='bbox 883 3264 935 3301; x_wconf 87' lang='lat' dir='ltr'><strong>sec.</strong></span> <span class='ocrx_word' id='word_1_295' title='bbox 950 3264 1047 3314; x_wconf 87' lang='lat' dir='ltr'><strong>manu,</strong></span> <span class='ocrx_word' id='word_1_296' title='bbox 1057 3247 1102 3301; x_wconf 94' lang='lat' dir='ltr'><strong>cui</strong></span> 
     </span>
     <span class='ocr_line' id='line_1_32' title="bbox 80 3337 1101 3412; baseline -0.002 -19"><span class='ocrx_word' id='word_1_297' title='bbox 80 3340 216 3410; x_wconf 82' lang='lat' dir='ltr'><strong>majorem</strong></span> <span class='ocrx_word' id='word_1_298' title='bbox 237 3357 294 3394; x_wconf 89' lang='lat' dir='ltr'><strong>esse</strong></span> <span class='ocrx_word' id='word_1_299' title='bbox 311 3339 396 3394; x_wconf 85' lang='lat' dir='ltr'><strong>fidem</strong></span> <span class='ocrx_word' id='word_1_300' title='bbox 416 3340 572 3395; x_wconf 88' lang='lat' dir='ltr'><strong>habendam</strong></span> <span class='ocrx_word' id='word_1_301' title='bbox 591 3357 675 3412; x_wconf 88' lang='lat' dir='ltr'><strong>quam</strong></span> <span class='ocrx_word' id='word_1_302' title='bbox 694 3338 747 3411; x_wconf 90' lang='lat' dir='ltr'><strong>ipsi</strong></span> <span class='ocrx_word' id='word_1_303' title='bbox 766 3338 850 3408; x_wconf 87' lang='lat' dir='ltr'><strong>hujus</strong></span> <span class='ocrx_word' id='word_1_304' title='bbox 868 3337 972 3391; x_wconf 87' lang='lat' dir='ltr'><strong>codicis</strong></span> <span class='ocrx_word' id='word_1_305' title='bbox 996 3337 1101 3407; x_wconf 89' lang='lat' dir='ltr'><strong>textui,</strong></span> 
     </span>
     <span class='ocr_line' id='line_1_33' title="bbox 81 3426 1101 3505; baseline -0.003 -21"><span class='ocrx_word' id='word_1_306' title='bbox 81 3431 160 3485; x_wconf 83' lang='lat' dir='ltr'><strong>facilc</strong></span> <span class='ocrx_word' id='word_1_307' title='bbox 175 3430 406 3498; x_wconf 83' lang='lat' dir='ltr'><strong>demonstrarem,</strong></span> <span class='ocrx_word' id='word_1_308' title='bbox 420 3432 442 3486; x_wconf 90' lang='lat' dir='ltr'><strong>si</strong></span> <span class='ocrx_word' id='word_1_309' title='bbox 455 3431 485 3486; x_wconf 94' lang='lat' dir='ltr'><strong>id</strong></span> <span class='ocrx_word' id='word_1_310' title='bbox 502 3449 577 3485; x_wconf 91' lang='lat' dir='ltr'><strong>nunc</strong></span> <span class='ocrx_word' id='word_1_311' title='bbox 591 3441 733 3505; x_wconf 86' lang='lat' dir='ltr'><strong>ageretur:</strong></span> <span class='ocrx_word' id='word_1_312' title='bbox 744 3447 808 3483; x_wconf 89' lang='lat' dir='ltr'><strong>nam</strong></span> <span class='ocrx_word' id='word_1_313' title='bbox 818 3426 948 3482; x_wconf 88' lang='lat' dir='ltr'><strong>collatum</strong></span> <span class='ocrx_word' id='word_1_314' title='bbox 967 3445 1026 3481; x_wconf 83' lang='lat' dir='ltr'><strong>esse</strong></span> <span class='ocrx_word' id='word_1_315' title='bbox 1037 3445 1101 3481; x_wconf 86' lang='lat' dir='ltr'><strong>cunr</strong></span> 
     </span>
     <span class='ocr_line' id='line_1_34' title="bbox 81 3520 1010 3595; baseline -0.004 -19"><span class='ocrx_word' id='word_1_316' title='bbox 81 3522 240 3595; x_wconf 87' lang='lat' dir='ltr'><strong>antiquiore</strong></span> <span class='ocrx_word' id='word_1_317' title='bbox 256 3522 332 3576; x_wconf 91' lang='lat' dir='ltr'><strong>hunc</strong></span> <span class='ocrx_word' id='word_1_318' title='bbox 345 3521 469 3577; x_wconf 88' lang='lat' dir='ltr'><strong>codicem</strong></span> <span class='ocrx_word' id='word_1_319' title='bbox 482 3522 632 3579; x_wconf 84' lang='lat' dir='ltr'><strong>certissima</strong></span> <span class='ocrx_word' id='word_1_320' title='bbox 648 3532 712 3576; x_wconf 91' lang='lat' dir='ltr'><strong>sunt</strong></span> <span class='ocrx_word' id='word_1_321' title='bbox 730 3520 844 3589; x_wconf 89' lang='lat' dir='ltr'><strong>indicia;</strong></span> <span class='ocrx_word' id='word_1_322' title='bbox 858 3521 887 3574; x_wconf 88' lang='lat' dir='ltr'><strong>hi</strong></span> <span class='ocrx_word' id='word_1_323' title='bbox 904 3520 1010 3595; x_wconf 88' lang='lat' dir='ltr'><strong>igitur:</strong></span> 
     </span>
    </p>
   </div>
   <div class='ocr_carea' id='block_1_6' title="bbox 226 3718 829 3791">
    <p class='ocr_par' dir='ltr' id='par_1_6' title="bbox 226 3718 829 3791">
     <span class='ocr_line' id='line_1_35' title="bbox 226 3718 829 3791; baseline 0.007 -25"><span class='ocrx_word' id='word_1_324' title='bbox 226 3720 305 3784; x_wconf 83' lang='lat' dir='ltr'><strong>Major</strong></span> <span class='ocrx_word' id='word_1_325' title='bbox 316 3728 339 3768; x_wconf 79' lang='lat' dir='ltr'><strong>rt</strong></span> <span class='ocrx_word' id='word_1_326' title='bbox 352 3718 407 3768; x_wconf 85' lang='lat' dir='ltr'><strong>inde</strong></span> <span class='ocrx_word' id='word_1_327' title='bbox 418 3735 483 3769; x_wconf 75' lang='lat' dir='ltr'><strong>mum</strong></span> <span class='ocrx_word' id='word_1_328' title='bbox 495 3723 565 3788; x_wconf 80' lang='lat' dir='ltr'><strong>longo</strong></span> <span class='ocrx_word' id='word_1_329' title='bbox 571 3723 657 3791; x_wconf 87' lang='lat' dir='ltr'><strong>probat</strong></span> <span class='ocrx_word' id='word_1_330' title='bbox 670 3722 752 3772; x_wconf 86' lang='lat' dir='ltr'><strong>ordine</strong></span> <span class='ocrx_word' id='word_1_331' title='bbox 764 3722 829 3782; x_wconf 58' lang='grc' dir='ltr'><strong>τίω</strong></span> 
     </span>
    </p>
   </div>
   <div class='ocr_carea' id='block_1_7' title="bbox 79 3906 1101 4065">
    <p class='ocr_par' dir='ltr' id='par_1_7' title="bbox 79 3906 1101 4065">
     <span class='ocr_line' id='line_1_36' title="bbox 80 3906 1101 3985; baseline -0.001 -23"><span class='ocrx_word' id='word_1_332' title='bbox 80 3908 251 3980; x_wconf 84' lang='lat' dir='ltr'><strong>sequebatur</strong></span> <span class='ocrx_word' id='word_1_333' title='bbox 263 3907 322 3960; x_wconf 91' lang='lat' dir='ltr'><strong>sine</strong></span> <span class='ocrx_word' id='word_1_334' title='bbox 337 3906 426 3961; x_wconf 88' lang='lat' dir='ltr'><strong>dubio</strong></span> <span class='ocrx_word' id='word_1_335' title='bbox 441 3909 633 3984; x_wconf 75' lang='lat' dir='ltr'><strong>Parthenope,</strong></span> <span class='ocrx_word' id='word_1_336' title='bbox 651 3911 729 3984; x_wconf 91' lang='lat' dir='ltr'><strong>quod</strong></span> <span class='ocrx_word' id='word_1_337' title='bbox 744 3911 773 3965; x_wconf 92' lang='lat' dir='ltr'><strong>in</strong></span> <span class='ocrx_word' id='word_1_338' title='bbox 786 3910 926 3985; x_wconf 90' lang='lat' dir='ltr'><strong>principio</strong></span> <span class='ocrx_word' id='word_1_339' title='bbox 944 3907 1026 3979; x_wconf 87' lang='lat' dir='ltr'><strong>hujus</strong></span> <span class='ocrx_word' id='word_1_340' title='bbox 1034 3924 1101 3983; x_wconf 68' lang='lat' dir='ltr'><strong>yer-</strong></span> 
     </span>
     <span class='ocr_line' id='line_1_37' title="bbox 79 3996 1101 4065; baseline -0.002 -13"><span class='ocrx_word' id='word_1_341' title='bbox 79 4017 141 4064; x_wconf 87' lang='lat' dir='ltr'><strong>sus,</strong></span> <span class='ocrx_word' id='word_1_342' title='bbox 169 4008 201 4051; x_wconf 90' lang='lat' dir='ltr'><strong>ut</strong></span> <span class='ocrx_word' id='word_1_343' title='bbox 225 3997 315 4051; x_wconf 77' lang='lat' dir='ltr'><strong>voluit</strong></span> <span class='ocrx_word' id='word_1_344' title='bbox 336 3996 454 4065; x_wconf 80' lang='lat' dir='ltr'><strong>Markl,</strong></span> <span class='ocrx_word' id='word_1_345' title='bbox 483 4016 540 4053; x_wconf 84' lang='lat' dir='ltr'><strong>esse</strong></span> <span class='ocrx_word' id='word_1_346' title='bbox 560 4002 753 4057; x_wconf 89' lang='lat' dir='ltr'><strong>oblitteratum</strong></span> <span class='ocrx_word' id='word_1_347' title='bbox 774 4002 855 4056; x_wconf 89' lang='lat' dir='ltr'><strong>nimis</strong></span> <span class='ocrx_word' id='word_1_348' title='bbox 876 3999 1000 4054; x_wconf 89' lang='lat' dir='ltr'><strong>absimile</strong></span> <span class='ocrx_word' id='word_1_349' title='bbox 1024 4014 1101 4053; x_wconf 77' lang='lat' dir='ltr'><strong>vero.</strong></span> 
     </span>
    </p>
   </div>
   <div class='ocr_carea' id='block_1_8' title="bbox 207 4122 961 4192">
    <p class='ocr_par' dir='ltr' id='par_1_8' title="bbox 207 4122 961 4192">
     <span class='ocr_line' id='line_1_38' title="bbox 207 4122 961 4192; baseline 0.008 -32"><span class='ocrx_word' id='word_1_350' title='bbox 207 4122 227 4160; x_wconf 86' lang='grc'><strong>1.</strong></span> <span class='ocrx_word' id='word_1_351' title='bbox 456 4167 458 4170; x_wconf 53' lang='grc'><strong>,</strong></span> <span class='ocrx_word' id='word_1_352' title='bbox 920 4122 961 4192; x_wconf 79' lang='grc'><strong>19</strong></span> 
     </span>
    </p>
   </div>
   <div class='ocr_carea' id='block_1_9' title="bbox 0 0 1410 5258">
    <p class='ocr_par' dir='ltr' id='par_1_9' title="bbox 0 0 1410 5258">
     <span class='ocr_line' id='line_1_39' title="bbox 0 0 1410 5258; baseline 0 0"><span class='ocrx_word' id='word_1_353' title='bbox 0 0 1410 5258; x_wconf 95' lang='lat' dir='ltr'><strong> </strong></span> 
     </span>
    </p>
   </div>
  </div>
 </body>
</html>
