2812 5258
133 420 192 477 ’M
504 416 795 471 fflwlss'lstffi

135 534 416 607 regem-umato
434 532 551 588 exss-
570 557 578 575 =
594 533 683 584 lle-e
698 534 758 583 111ae
780 531 959 602 sapha.»
975 533 1184 609 qaibmgloe.

134 638 210 683 mor
228 626 612 701 uiqunmpnatpmr:
630 624 872 679 :tn-hassa·

174 720 409 785 inmundis
436 715 629 783 28:518:
644 716 1180 779 ‘Hlfflfflfflflndehnh

136 813 329 867 «Ilimentita
341 812 423 873 deos,
438 834 449 855 ι
463 807 546 881 quod
558 809 842 863 mmmm

173 905 214 959 Et
230 905 363 977 quidnam
377 902 521 974 egregium
540 898 641 967 ’1,876
655 942 663 953 .
682 901 809 973 {qm
824 902 902 970 eoaj„
916 901 1038 956 Meli
1055 903 1096 959 ad
1113 906 1179 960 Ho-

134 1006 202 1062 rat,
219 995 357 1059 Man,
374 993 409 1058 3,
426 991 480 1059 65,
496 1004 525 1046 et
550 992 625 1055 sae,
648 1009 686 1060 u,
702 988 731 1055 ³,
750 990 827 1046 283:
843 993 900 1046 «n
921 993 1070 1065 quiitam
1091 1014 1176 1070 egr..

134 1087 211 1141 MB:
231 1085 288 1139 «Et
302 1086 371 1158 quid
385 1088 461 1137 enim
479 1101 559 1157 ege·

173 1180 299 1232 Destruit
332 1197 358 1230 v.
381 1180 462 1250 859.
481 1178 535 1231 ΜΒ
550 1197 557 1228 :
574 1177 691 1240 Demi,
705 1174 772 1229 fort.
792 1194 868 1230 rere.
887 1177 931 1231 De
941 1178 1070 1248 ρωιῶω
1085 1181 1172 1253 glos-

133 1279 209 1325 sator
223 1291 230 1323 :
245 1294 258 1317 ι
267 1276 360 1324 Areus
376 1288 525 1323 minorum
538 1268 608 1323 dicit
622 1288 630 1320 τ
643 1268 831 1322 connumerati
844 1270 919 1322 enim
932 1280 1011 1339 sunt,
1028 1280 1060 1325 ut
1076 1274 1172 1327 solent

133 1360 193 1416 lieri
216 1361 255 1415 illi
279 1360 385 1435 quibus
402 1373 504 1433 pontes
523 1362 718 1433 inponuntur.
734 1384 745 1407 ι
768 1362 861 1413 frena
880 1373 975 1416 autem
998 1382 1173 1439 «compages

133 1453 355 1526 quadratorum,
372 1472 436 1527 que
449 1452 647 1528 constringunt
666 1464 696 1507 et
714 1454 861 1508 continent
875 1453 1103 1510 edificationem.
1119 1482 1133 1505 s

1017 1549 1109 1604 Lscr.

174 1639 335 1689 Insemunte
357 1654 474 1689 noverca
495 1635 531 1690 ἐν.
552 1633 629 1709 886).
655 1660 667 1683 a
682 1636 865 1692 custodiente
885 1640 1015 1707 lunone,
1037 1658 1074 1694 ne
1099 1643 1176 1714 quid

134 1746 190 1803 pro
202 1726 308 1784 Thebis
328 1726 433 1782 diceret
455 1727 571 1782 Liber.»
593 1728 681 1783 her.
697 1731 824 1784 Gronov.
849 1751 856 1784 :
875 1731 1040 1787 ‹Tructbus
1058 1743 1090 1786 et
1109 1735 1174 1789 sol-

135 1821 217 1875 licitis
231 1840 296 1875 eum
310 1820 400 1874 oculis
415 1818 569 1874 denotante
583 1831 611 1874 et
624 1820 785 1892 aspiciente.
795 1847 806 1869 ι
824 1822 914 1891 Quod
928 1823 1029 1878 eodem
1043 1824 1175 1898 deniqne

133 1913 215 1968 redit.
235 1912 342 1967 Barthii
363 1931 461 1967 ornnes
482 1923 509 1968 et
529 1912 598 1967 alii:
619 1911 770 1983 infestante
779 1933 790 1979 ‚·
811 1933 837 1967 v.
855 1918 873 1970 l.
896 1917 927 1969 in
945 1916 1042 1970 Beliot.
1068 1935 1079 1970 ι
1100 1936 1109 1970 :
1127 1919 1176 1970 in-

132 2016 281 2077 spectante.
302 2004 383 2079 llegii
397 2005 514 2060 sortasse
531 2016 656 2061 nostram
669 2017 836 2081 agnoscunt

174 2101 279 2151 Auctor
291 2100 394 2172 Apollo
408 2096 446 2171 (v.
466 2095 544 2171 889)
559 2098 654 2165 «Quia
668 2098 809 2170 Apollinis
823 2100 968 2153 oraculum
981 2097 1107 2153 Cadmus
1125 2119 1174 2155 se-

134 2197 216 2242 cutus
239 2188 388 2244 edificavit
409 2189 529 2244 Thebas.
544 2213 559 2240 n
580 2191 668 2243 Lacr.
697 2222 735 2231 -
756 2190 834 2244 Idem
854 2190 974 2263 explicat
995 2208 1047 2244 eur
1063 2191 1178 2247 dubuet

131 2279 284 2350 llercules,
302 2292 334 2335 ut
360 2281 396 2336 ab
415 2281 512 2355 argiva
535 2280 658 2354 origine,
681 2292 802 2355 propter
823 2284 970 2350 Perseum,
989 2292 1017 2336 et
1037 2282 1174 2338 Thebani

132 2371 263 2425 Creontis
277 2373 316 2427 ob
331 2373 474 2445 Megaram
488 2390 607 2426 uxorem
621 2390 717 2443 gener.

176 2462 330 2516 Thalamos
353 2463 516 2515 exscindere
538 2462 640 2513 Cadmi
657 2462 699 2532 (v.
715 2459 793 2536 906).
809 2461 855 2515 Sic
877 2463 983 2515 editum
1007 2481 1042 2516 ex
1064 2466 1126 2518 ΜΒ
1149 2478 1180 2522 et

131 2552 244 2628 paucis,
258 2563 289 2607 ut
308 2551 430 2620 videtur,
445 2549 513 2606 aliis.
530 2550 644 2607 Ceteri:
661 2562 760 2606 turres.

177 2645 232 2699 Nec
242 2645 308 2717 jum
328 2640 366 2719 (r.
383 2645 462 2718 9¹²)·
479 2643 564 2698 Deest
582 2643 611 2697 h.
627 2662 653 2697 v.
672 2643 702 2698 in
717 2645 771 2698 ΜΒ
787 2643 884 2699 etalio
896 2642 1009 2698 Barthii.

171 2737 264 2792 Dubio
287 2755 343 2811 pro
353 2734 479 2808 fulmine
492 2737 619 2810 pendent
632 2740 640 2811 l
644 2756 669 2791 v.
691 2737 770 2814 920).
793 2735 1016 2809 «Desperatione
1043 2735 1175 2794 fulminis

134 2830 245 2885 solliciti
261 2841 340 2900 sunt3
357 2828 387 2883 id
402 2839 456 2898 est,
475 2828 575 2884 timent
594 2848 630 2883 ne
647 2849 705 2885 non
725 2832 816 2884 valeat
831 2828 938 2882 fulmen
953 2827 1093 2899 perimere
1109 2831 1172 2886 Ca—

134 2941 265 2999 paneum.
276 2946 289 2971 n
304 2923 388 2975 Licr.
400 2923 467 2990 ΜΒ,
482 2923 528 2976 PR
542 2941 549 2974 :
562 2924 679 2994 pallent.

176 3018 256 3069 lntni
268 3034 326 3067 se...
342 3023 443 3067 inimo!
462 3009 499 3086 (v.
521 3011 675 3087 pla-934).
692 3011 802 3065 Absunt
821 3010 850 3065 hi
865 3029 960 3066 versus
980 3012 1015 3066 ab
1036 3011 1174 3068 omnibus

135 3106 291 3163 Barthianis
305 3117 332 3160 et
350 3105 478 3179 plurimis
492 3105 626 3173 aliorum,
641 3113 670 3158 ut
685 3103 794 3177 quique
810 3104 985 3160 vetustiores.
996 3103 1089 3176 inepti
1102 3116 1174 3159 sunt

136 3210 164 3254 et
180 3200 224 3253 vel
247 3198 328 3253 Statii
349 3197 530 3265 inventione,
547 3214 617 3268 saepe
636 3213 734 3249 eorum
756 3214 819 3268 quae
843 3195 891 3250 vix
910 3195 1044 3269 cogitari,
1061 3194 1171 3250 nodum

134 3290 195 3348 lieri
214 3300 347 3365 possunt,
360 3288 563 3362 procreatriee,
577 3285 694 3359 indigni.

176 3384 304 3439 Anhelat
318 3381 354 3456 (v.
372 3380 450 3455 935).
473 3379 543 3435 Cod.
559 3376 712 3432 Lindenbr.
728 3389 756 3433 et
770 3381 838 3453 Reg.
859 3398 869 3432 1
889 3379 1041 3433 :adliaesit

175 3477 291 3529 Fulmen
305 3476 439 3527 meruisse
453 3470 601 3525 secundum
616 3466 653 3544 (v.
677 3466 755 3544 939).
771 3471 825 3523 ΜΒ
848 3482 875 3525 et
890 3471 960 3526 alius
973 3470 1080 3537 Barth„
1103 3487 1170 3524 curn

135 3567 203 3639 lleg.
223 3585 234 3619 r
253 3586 259 3617 ε
275 3588 289 3615 α
300 3565 318 3619 i.
338 3583 452 3639 sperare
466 3581 518 3618 sec.
535 3583 549 3610 n

510 3747 550 3801 ΙΝ
571 3748 716 3804 LIBRUM
738 3750 788 3804 xl.

176 3926 233 3981 Nec
240 3923 304 3993 jam
318 3923 409 3977 hostes
427 3934 524 3976 ninnoe
540 3920 578 3998 (v.
600 3920 656 3995 au).
671 3922 717 3976 Sic
737 3923 799 3989 PR,
819 3932 890 3976 noto
905 3917 1042 3992 loquendi
1055 3936 1169 3993 genere.

136 4018 232 4075 Plures
252 4015 297 4071 alii
316 4015 396 4086 libri,
411 4014 485 4070 inter
498 4033 570 4088 quos
589 4013 691 4088 optimi
706 4034 712 4066 :
727 4036 742 4063 α
752 4014 811 4069 Nec
823 4012 880 4084 jum
899 4012 1013 4067 hostiles
1028 4021 1143 4079 turture,
1153 4032 1168 4059 υ
