2812 5258
62 471 92 527 (r.
104 468 172 529 aaa.)
364 464 572 519 THERAIDOS
592 466 699 519 LIBER
722 467 759 518 tl.
1021 458 1076 515 203

61 593 142 657 Mor
157 590 286 657 audisse
303 603 447 680 negant:
467 602 602 656 cunctos
621 603 731 655 tamen
748 589 858 653 omina
873 607 982 651 rerum

62 708 143 777 Dira
159 721 307 794 movent,
324 708 487 799 variisque
505 721 627 775 metum
645 704 850 773 sermonibus
866 714 995 794 augent.

61 830 131 897 Nec
146 829 266 896 mirum
281 854 289 895 :
304 851 379 894 nam
397 842 434 894 tu
451 826 609 894 infaustos
628 824 770 893 donante
785 822 902 890 marito

63 949 208 1017 Ornatus
228 947 326 1039 Argia
345 946 445 1039 geris,
462 943 636 1037 dirumque
652 941 773 1012 monile

64 1067 280 1135 Hermiones:
301 1061 398 1157 longa
417 1074 465 1129 est
481 1064 597 1148 series,
618 1063 672 1130 sed
690 1075 767 1128 nota
785 1056 945 1129 malorum

65 1187 257 1275 Prosequar,
274 1182 361 1251 unde
379 1181 472 1248 novis
490 1196 556 1247 tam
575 1205 656 1248 saeva
676 1183 822 1274 potentia
841 1181 943 1248 donis.

113 1302 267 1368 Lemnius
287 1300 369 1384 haec,
388 1313 425 1366 ut
443 1299 547 1390 prisca
566 1297 658 1385 fides,
677 1299 841 1366 Mavortia
858 1295 993 1389 longum

66 1423 166 1487 Furta
184 1417 315 1503 dolens,
334 1432 429 1512 capto
446 1431 617 1509 postquam
638 1417 719 1485 nihil
736 1417 844 1485 obstat
857 1414 961 1484 amori

67 1540 181 1622 Poena,
199 1561 259 1604 nec
276 1535 407 1605 ultrices
424 1536 622 1628 castigavere
639 1550 778 1619 catenae,

68 1656 260 1724 Hermiones
280 1652 389 1722 dotale
407 1653 505 1722 decus
523 1655 583 1723 sub
601 1652 672 1722 luce
686 1652 790 1747 jugali

68 1776 260 1840 Struxerat:
279 1772 358 1854 hoc,
377 1771 465 1838 docti
486 1796 672 1865 quanquam
688 1775 827 1866 majora,
846 1770 996 1840 laborant

70 1888 241 1980 Cyclopes,
261 1888 396 1978 notique
413 1911 551 1979 operum
568 1890 761 1957 Tlrelchines
779 1892 882 1957 amica

71 2006 227 2075 Certatim
243 2006 359 2095 juvere
376 2027 494 2089 manu,
514 2005 570 2072 sed
586 2005 744 2097 plurimus
762 2010 822 2100 ipsi

70 2122 178 2193 Sudor
194 2148 202 2190 ε
218 2121 263 2190 ibi
281 2145 399 2189 arcano
416 2121 570 2191 florentes
589 2126 666 2215 igne
683 2126 867 2218 smaragdos

72 2244 199 2336 Cingit,
217 2257 250 2309 ct
268 2240 422 2309 infaustas
442 2266 631 2334 percussum
650 2242 821 2311 adamanta
839 2244 975 2337 figuras,

70 2363 327 2454 Gorgoneosque
344 2360 453 2447 orbes,
473 2361 647 2454 Siculaque
663 2362 783 2429 incude
798 2362 928 2430 relictos

70 2477 228 2548 Fulminis
247 2481 382 2548 extremi
399 2481 539 2567 cineres,
559 2482 765 2573 viridumque
779 2481 956 2550 draconum

70 2600 233 2667 Lucentes
249 2623 268 2666 a
288 2598 394 2666 fronte
410 2598 505 2691 jubas
519 2625 527 2666 :
541 2599 594 2668 hic
612 2601 718 2669 flebile
733 2625 867 2695 germen

70 2716 303 2810 Hesperidum,
323 2731 357 2784 et
373 2717 481 2785 dirum
498 2719 646 2810 Phryxaei
665 2715 795 2784 velleris
811 2740 938 2784 aurum.

71 2839 155 2904 Tum
174 2838 278 2904 varias
295 2852 417 2928 pestes,
433 2851 630 2929 raptumque
650 2833 834 2927 interplicat
854 2850 926 2903 atro

71 2955 262 3048 Tisiphones
283 2952 324 3021 de
344 2955 434 3021 crine
452 2954 584 3034 ducem,
601 2967 634 3019 et
654 2977 725 3043 quae
743 2954 881 3045 pessima
900 2958 1021 3023 Ceston

71 3075 130 3141 Vis
146 3074 286 3167 probat:
303 3073 372 3141 haec
390 3075 515 3140 circum
533 3073 655 3164 spumis
676 3070 844 3139 lunaribus
863 3074 958 3170 ungit

74 3189 232 3280 Callidus,
249 3208 347 3287 atque
365 3190 462 3263 litari
478 3189 645 3284 perfundit
666 3203 781 3256 cuncta
799 3216 934 3261 veneno.

74 3311 151 3378 Nou
169 3309 232 3377 hoc
246 3313 396 3381 Pasithea
413 3312 606 3382 blandarum
624 3313 729 3406 prima
749 3336 919 3396 sororum,

75 3429 151 3496 Non
171 3432 289 3514 Decor,
305 3430 493 3525 ldaliusque
509 3455 603 3524 puer,
625 3430 681 3498 sed
698 3435 835 3513 Luctus,
854 3446 886 3499 et
904 3434 980 3516 Irae,

75 3549 119 3614 Et
135 3544 249 3632 Dolor,
271 3559 304 3613 et
322 3560 390 3614 tota
408 3552 523 3641 pressit
538 3549 709 3618 Discordia
726 3548 849 3616 dextra.

119 3667 229 3734 Prima
250 3665 330 3734 fides
349 3669 455 3759 operi,
470 3670 631 3739 Cadmum
648 3671 800 3737 comitata
813 3669 977 3760 jacentem

73 3787 250 3853 Hermione
268 3787 368 3853 versis
389 3787 421 3851 in
441 3786 531 3856 sibila
548 3790 620 3857 dira
637 3785 796 3879 querelis;

73 3902 220 3999 Illyricos
237 3903 336 3998 longo
353 3902 489 3972 sulcavit
504 3923 635 3998 pectore
652 3930 792 3998 campos.

73 4023 227 4115 Improba
247 4048 323 4091 mox
342 4020 486 4109 Semele,
504 4027 557 4091 vix
574 4024 660 4091 dona
680 4023 830 4090 nocentia
847 4021 931 4089 collo
