2812 5258
66 383 181 444 (essa,
363 382 573 439 runsamos
596 383 704 438 tram
728 385 808 439 rm.
1049 404 1103 458 ιιι)

66 513 169 575 Arma
185 507 291 592 ciens,
313 507 488 601 aboletque
505 507 639 593 domos,
657 509 841 595 connubia,
862 527 966 580 natos.

67 625 204 696 Pellitur
222 642 253 696 et
271 629 403 721 patriae,
421 643 453 696 et
471 629 528 720 qui
548 642 656 697 mente
672 629 869 697 novissimus
886 632 970 716 exit,

67 749 166 816 Lucis
183 772 276 816 amor
292 775 299 815 :
316 763 405 816 tenet
418 750 452 816 in
466 746 611 842 capulis,
628 747 794 842 hastisque
809 763 940 842 paratas

65 871 121 936 lra
135 891 269 952 manus;
286 869 480 960 animusque
496 866 582 936 ultra
599 869 749 938 thoracas
764 868 901 938 anhelus

64 989 230 1075 (tonatur,
250 986 414 1082 galeaeque
431 1003 579 1056 tremunt
595 988 734 1058 horrore
749 1014 931 1059 comarum.

113 1107 205 1196 Quid
218 1109 340 1177 mirum
355 1106 493 1177 caluisse
510 1108 618 1176 viros?
632 1108 844 1180 flammantur
857 1112 891 1178 in
906 1112 1034 1180 hostem

63 1229 285 1324 Cornipedes,
302 1232 466 1323 niveoque
480 1229 590 1323 rigant
604 1228 673 1298 sola
688 1232 798 1324 putria
813 1232 943 1320 nimbo,

64 1352 214 1442 Corpora
231 1374 291 1418 ceu
307 1350 402 1416 mixti
419 1347 580 1434 dominis,
598 1351 728 1441 irasque
744 1349 915 1419 sedentum

63 1468 237 1538 Induerint
256 1495 263 1536 :
282 1471 328 1538 sic
345 1470 437 1537 frena
455 1483 582 1553 terunt,
601 1470 648 1539 sic
665 1467 781 1564 proelia
800 1486 942 1564 poscunt

62 1591 225 1672 llinnitu,
247 1587 432 1682 tolluntque
451 1613 579 1677 armos,
601 1591 812 1684 equitemque
833 1593 1000 1685 supinant.

109 1712 248 1800 Jamque
269 1724 390 1794 ruunt,
411 1711 602 1803 primusque
619 1711 726 1778 virum
748 1735 945 1779 concurrere
960 1710 1069 1805 pulvis

62 1829 201 1920 Incipit,
218 1843 251 1896 et
267 1830 380 1921 spatiis
398 1830 564 1920 utrimque
578 1826 758 1920 aequalibus
774 1831 838 1897 acti

62 1947 268 2024 adventant,
284 1947 494 2038 mediumque
510 1946 622 2014 vident
638 1948 825 2017 decrescere
842 1974 1006 2042 campum.

61 2070 133 2134 lam
148 2064 281 2159 clypeus
295 2064 432 2160 clypeis,
444 2066 589 2135 umbone
604 2064 775 2159 repellitur
788 2067 905 2153 umbo,

59 2189 148 2254 Ense
162 2187 274 2253 minax
288 2185 391 2272 ensis,
406 2185 490 2278 pede
504 2209 580 2279 pes,
596 2200 630 2253 et
645 2185 781 2278 cuspide
795 2187 914 2280 cuspis.

60 2307 113 2373 Sic
128 2304 250 2373 obnixa
267 2307 352 2373 acies
367 2306 490 2399 pariter
502 2305 644 2398 suspiria
659 2303 808 2393 hrrnant,

61 2425 273 2518 Admotaeque
287 2427 395 2492 nitent
411 2422 519 2492 aliena
535 2425 567 2490 in
582 2423 707 2492 casside
722 2426 834 2493 cristae.

60 2543 198 2613 Pulcher
211 2545 319 2613 adhuc
335 2541 412 2611 belli
428 2541 537 2611 vultus
553 2570 560 2610 :
577 2559 666 2612 stant
680 2546 803 2613 vertice
817 2549 909 2631 coni,

61 2663 159 2732 Plena
176 2679 324 2732 armenta
338 2665 436 2746 viris,
452 2661 535 2730 nulli
550 2664 621 2729 sine
635 2662 773 2753 praeside
787 2689 923 2747 currus,

59 2788 158 2851 Arma
172 2782 261 2868 loco,
277 2782 451 2877 splendent
465 2780 587 2874 clypei,
602 2780 830 2872 pharetraeque
845 2781 986 2864 decorae,

58 2903 279 2999 Cingulaque,
295 2917 328 2971 et
342 2901 489 2970 nondum
507 2897 653 2968 deforme
667 2899 841 2967 cruoribus
855 2923 983 2967 aurum.

104 3029 147 3092 At
159 3039 332 3116 postquam
349 3023 471 3106 rabies,
486 3035 518 3088 et
533 3021 606 3087 vitae
621 3017 758 3111 prodiga
772 3019 888 3087 Virtus

56 3145 199 3211 Emisere
213 3143 356 3225 animos,
371 3166 438 3208 non
453 3154 544 3207 tanta
561 3138 755 3206 cadentibus
771 3137 881 3205 Haedis

56 3244 185 3332 Aeriam
200 3261 387 3354 Rhodopen
401 3257 504 3327 solida
520 3259 595 3326 nive
610 3258 760 3326 verberat
774 3261 907 3336 Arctos,

55 3384 125 3452 Nec
144 3382 255 3475 fragor
272 3382 424 3451 Ausoniae
444 3394 569 3465 tantus,
589 3403 692 3470 quum
711 3379 865 3471 luppiter
883 3383 972 3446 omni

52 3505 137 3569 Arce
152 3515 261 3586 tonat,
277 3516 369 3569 tanta
381 3500 533 3592 quatitur
546 3522 607 3566 nce
622 3497 782 3591 grandine
796 3499 917 3592 Syrtis,

51 3620 164 3708 Quum
180 3619 291 3711 Libyae
304 3623 426 3688 Boreas
439 3617 541 3687 Italos
558 3619 651 3711 niger
665 3618 777 3686 attulit
793 3619 923 3686 imbres.

51 3737 229 3808 Exclusere
243 3737 329 3806 diem
344 3738 432 3823 telis;
447 3752 537 3808 stant
550 3738 656 3805 ferrea
670 3736 751 3805 coelo

50 3856 189 3941 Nubila3
206 3880 266 3923 nec
276 3855 393 3948 jaculis
408 3872 553 3926 arctatus
567 3855 690 3925 sufficit
702 3882 766 3924 aer.

50 3979 91 4047 lsi
106 3992 248 4071 pereunt
262 3975 384 4059 missis,
400 3974 446 4042 illi
461 3975 676 4045 redeuntibus
691 3977 791 4047 hastis
806 4004 814 4043 :

195 4123 231 4167 ιι.
919 4124 942 4187 q
