2812 5258
53 471 83 527 (r.
97 470 147 525 8¹.)
364 468 553 523 stuvaauu
573 469 680 525 uasa
701 470 747 523 tv.
1023 470 1076 527 115

46 592 140 657 Mira
157 587 253 658 fides!
273 590 425 657 credetne
443 590 550 656 virum
566 604 703 658 ventura
721 616 885 684 propago,

54 707 168 792 Quum
185 723 309 800 segetes
326 708 466 790 iterum,
483 731 584 799 quum
598 709 666 799 jam
682 709 751 774 haec
768 707 893 775 deserta
908 709 1078 797 virebant,

55 823 144 894 lnlra
165 825 261 891 urbes
277 823 482 916 populosque
496 825 620 916 premi,
638 825 849 917 proavitaque
869 837 937 890 toto

56 944 146 1008 Rura
166 942 281 1008 abiisse
300 939 407 1008 mari?
425 964 484 1008 nee
503 939 583 1008 dum
601 938 697 1008 letale
714 942 832 1009 minari

56 1061 167 1126 Cessat
182 1083 265 1152 apex
281 1084 289 1125 :
312 1055 426 1157 procul
443 1059 504 1125 ista
519 1058 602 1144 tuis,
618 1057 743 1145 Tifata,
758 1063 877 1148 Teate,

58 1178 128 1245 Nec
146 1177 353 1245 Marrucinos
367 1189 442 1270 agat
458 1176 528 1244 haec
545 1176 670 1245 insania
685 1191 823 1246 montes.

104 1297 203 1362 Nunc
221 1296 248 1361 si
265 1295 349 1363 forte
367 1296 447 1361 meis
464 1318 536 1386 quae
556 1294 622 1362 sint
640 1294 772 1362 exordia
788 1297 892 1365 Musis

58 1413 147 1479 Scire
168 1412 271 1504 petis,
285 1413 354 1503 jam
370 1409 522 1479 Sidonios
538 1435 667 1479 emensa
682 1411 808 1481 labores

57 1530 196 1597 Thebais
214 1544 328 1623 optato
344 1527 479 1622 collegit
494 1530 626 1597 carbasa
646 1544 763 1621 portu3

59 1649 274 1743 Pamassique
285 1648 383 1741 jugis,
398 1646 543 1741 silvaque
560 1643 752 1714 Heliconide
769 1646 858 1716 sestis

58 1767 147 1831 Tura
163 1764 253 1830 dedit
270 1763 429 1849 flammis,
445 1779 478 1831 et
496 1766 631 1857 virginis
649 1778 738 1833 exsta
751 1765 915 1857 juvencae,

62 1878 275 1969 Votileraque
290 1902 379 1945 meas
399 1878 569 1970 suspendit
583 1882 625 1948 ab
640 1882 757 1950 arbore
772 1884 878 1951 vittas.

61 1996 158 2065 Nunc
175 2018 295 2061 vacuos
312 1995 417 2060 crines
433 1992 497 2061 alio
514 1996 602 2063 subit
618 1997 721 2065 insula
734 2020 818 2065 nexu
835 2024 843 2064 :

62 2113 161 2203 Troja
180 2111 333 2203 quidem,
351 2134 554 2203 magnusque
573 2112 653 2179 mihi
673 2127 815 2181 tentatur
830 2110 992 2200 Achilles3

63 2230 126 2299 Sed
144 2243 239 2297 vocat
254 2229 437 2296 arcitenens
452 2225 517 2296 alio
533 2242 640 2321 pater,
660 2253 815 2323 armaque
831 2245 991 2300 monstrat

61 2348 197 2416 Ausonii
217 2346 341 2438 majora
358 2346 450 2413 ducis
469 2371 477 2412 t
497 2347 596 2413 trahit
614 2348 753 2440 impetus
769 2344 826 2415 illo

60 2471 130 2534 Jam
148 2466 293 2559 pridem,
309 2462 512 2556 retrahitque
529 2464 627 2531 timor
643 2464 842 2533 :stabuntne
859 2464 918 2534 sub
935 2462 991 2534 illa

60 2584 149 2652 Mole
167 2581 321 2651 humeri?
337 2606 379 2649 an
395 2606 515 2675 magno
532 2582 682 2649 vincetur
697 2580 843 2674 pondere
857 2580 992 2649 cervix?

60 2703 141 2788 Die,
159 2697 335 2786 Marcelle,
353 2697 458 2766 lereti*
474 2698 592 2767 fluctus
612 2722 654 2766 an
673 2714 765 2767 sueta
782 2698 927 2764 minores

63 2820 165 2886 Nosse
183 2818 281 2902 ratis,
298 2816 446 2884 nondum
462 2818 564 2883 loniis
582 2815 744 2884 credenda
763 2811 914 2907 periclis?

109 2940 245 3028 Jamque
263 2933 353 3018 vale,
372 2946 406 3000 et
426 2935 556 3025 penitus
574 2935 644 3001 noti
662 2934 722 3000 tibi
741 2933 824 3001 vatis
847 2952 990 2999 amorem

62 3053 169 3122 Corde
187 3054 275 3119 exire
293 3065 366 3118 veta
385 3076 394 3116 ε
414 3074 474 3117 nec
492 3051 579 3117 enim
597 3050 787 3143 Tirynthius
804 3046 898 3116 alme

63 3175 180 3239 Pectus
196 3170 343 3238 amicitiae
361 3194 370 3236 τ
388 3167 475 3235 cedit
491 3168 550 3234 tibi
568 3165 672 3260 gloria
689 3166 746 3235 lidi

62 3289 222 3371 Theseos,
239 3301 271 3354 et
288 3285 432 3355 lacerum
445 3285 505 3377 qui
522 3285 610 3353 cirea
624 3285 745 3351 mmnia
760 3283 866 3376 ijo

65 3402 279 3489 Priamidem‚
294 3427 375 3472 caso
391 3401 507 3472 solatia
523 3403 623 3471 traxit
636 3402 752 3469 amico.
