2812 5258
173 431 230 488 328
547 430 838 486 ADNOTATIONFS

188 570 191 575 ·
212 549 318 604 Servius
337 548 474 621 Euiyttou
494 546 533 625 (v.
551 545 627 621 749).
644 549 721 601 Lact.
745 567 751 600 :
774 545 986 620 «subintellige
1008 546 1142 604 turbatus
1167 562 1209 606 est

170 651 219 695 aut
232 640 332 713 periit,
344 665 356 690 υ
367 659 401 695 ex
416 660 442 694 v.
459 638 523 709 745.
533 640 588 694 ΜΒ
601 660 608 692 :
624 662 638 688 α
650 639 734 693 Soeuit
743 641 772 692 iu
785 639 874 693 Eur.»
891 638 948 693 Alii
960 638 1061 693 codd:
1080 666 1092 689 a
1112 641 1215 697 Soeuiit

171 733 307 788 Eun-In
321 743 447 788 extremo
467 748 555 786 versu*
567 734 636 806 Reg.
663 751 674 785 ι
698 731 786 784 :orbe
798 732 926 798 sinistro,
950 730 1027 785 etin
1043 750 1103 806 seq.
1122 735 1213 790 ambo

170 825 253 900 Regii
267 845 274 879 ε
289 827 395 880 cellula
410 838 477 898 terg.
489 842 544 897 pro
560 843 675 897 aspero.
688 827 782 897 Atque
798 823 836 876 ita
852 823 921 898 legit
934 824 1028 893 Lact.‚
1043 827 1190 898 explicans
1205 849 1212 880 :

169 940 182 965 α
191 916 326 971 insidiose
339 917 424 985 facta,
433 940 446 964 u
461 934 499 970 sc.
517 915 555 969 ob
570 926 625 970 tres
638 933 740 984 uncos,
752 914 935 987 impedientes
948 932 985 968 ne
999 917 1175 973 extrahatur.

206 1008 351 1080 Sociosque
364 1007 511 1081 hostesque
526 1004 562 1079 (v.
579 1004 655 1080 757).
669 1008 743 1062 Bene
754 1007 808 1060 ΜΒ
825 1017 853 1061 et
863 1007 932 1080 neg.
953 1006 1191 1082 rultostemque.
1200 1036 1213 1060 ι

168 1129 208 1141 -
219 1097 330 1154 Deinde
344 1117 440 1154 versus
455 1098 511 1168 760
527 1099 605 1153 deest
614 1099 644 1152 in
656 1100 709 1153 ΜΒ
722 1098 839 1172 aliisque
852 1099 936 1152 bonis
951 1098 1029 1154 libris
1039 1109 1066 1154 ct
1083 1118 1099 1154 α
1115 1103 1208 1177 Regg.

169 1190 248 1245 «Sed
264 1193 287 1245 si
302 1193 420 1246 nothum
443 1190 583 1260 dicamus,
604 1201 679 1246 certe
696 1190 791 1246 similis
805 1191 964 1265 argumenti
984 1191 1053 1246 alins
1066 1192 1209 1250 excidisse

168 1283 311 1354 putandus
326 1294 375 1338 est.
388 1308 400 1332 ι»
414 1284 498 1338 Wns.

208 1377 327 1430 Lamum
344 1376 382 1451 (v.
406 1374 491 1452 764),
509 1385 538 1430 et
557 1375 664 1429 lamus
682 1372 779 1450 (766).
803 1374 894 1430 Codd.
913 1375 1025 1449 aliquot
1044 1396 1050 1428 z
1066 1378 1209 1432 Lamum...

168 1467 273 1521 lanus.

209 1559 273 1614 Non
289 1559 436 1633 excipietis
450 1556 489 1634 (v.
514 1554 590 1634 769).
612 1556 760 1612 «Omnino
776 1557 887 1630 scripsit
900 1558 1051 1631 Papinius,
1068 1569 1102 1613 ut
1119 1571 1161 1615 est
1183 1561 1214 1615 in

168 1661 228 1724 opt.
247 1652 367 1725 aliisque
387 1669 404 1704 a
425 1649 554 1705 bonitate
576 1649 601 1704 ei
625 1649 763 1723 proximis
785 1649 870 1705 codd.
893 1670 900 1704 :
920 1670 1006 1706 «non
1029 1652 1212 1724 recipietis»

168 1745 277 1799 Buris.
287 1774 326 1785 -
339 1744 405 1816 Seq.
422 1762 447 1798 v.
463 1743 532 1817 neg.
547 1760 557 1795 ι
574 1744 656 1796 :sme
669 1742 799 1808 nurnine,
813 1760 868 1816 pro
883 1746 1006 1798 vulnere.

206 1835 330 1890 Multum
341 1837 451 1895 men'tos
464 1834 501 1909 (v.
513 1831 589 1909 780).
611 1835 687 1889 Male
702 1835 770 1903 ΜΒ,
790 1835 826 1889 al.
846 1834 917 1889 boni
941 1857 972 1888 :a
988 1855 1024 1890 m.
1045 1836 1173 1891 miserus.
1193 1861 1210 1887 ι»

166 1929 334 1983 Meruerunt
349 1947 384 1983 eo
399 1928 496 1983 orbari
512 1937 661 2001 parentes,
682 1925 763 2000 quod
779 1936 863 1981 tantae
878 1946 942 1982 eum
960 1938 988 1983 et
1008 1927 1165 1984 ferocitatis
1183 1941 1213 1985 et

168 2020 332 2076 temeritatis
344 2030 509 2095 genuerant.

208 2114 396 2167 Hunccontm
412 2110 451 2187 (v.
464 2109 542 2189 788).
558 2110 650 2169 Codd.
667 2111 777 2184 aliquot
795 2111 901 2166 Borthii
917 2111 990 2166 hunc
1004 2110 1150 2166 omittunt„
1171 2141 1213 2153 —

167 2205 233 2277 Seq.
252 2223 279 2257 v.
295 2206 366 2280 Reg.
385 2224 395 2259 1
413 2223 449 2258 :u
458 2205 503 2260 ille
516 2204 642 2277 quierat,
655 2216 686 2258 et
695 2201 766 2257 infit.
779 2228 791 2251 u

211 2296 352 2369 Turpique
360 2314 447 2350 manu
449 2294 474 2365 j.
482 2296 595 2351 hostom
605 2293 643 2369 (v.
653 2292 730 2369 796).
739 2297 809 2350 MB:
820 2307 987 2369 turpesque
993 2315 1030 2349 m.
1036 2295 1058 2366 j.
1066 2295 1187 2361 hastos,
1198 2322 1210 2345 ι

167 2385 247 2458 quod
254 2385 343 2459 magis
357 2386 438 2441 decet
446 2387 560 2456 juvenis
574 2387 644 2439 iram
662 2407 669 2439 :
685 2386 771 2438 immo
788 2387 975 2441 necessarium
987 2396 1029 2440 est
1038 2388 1081 2442 vel
1092 2387 1151 2443 hoc
1161 2391 1208 2443 vel

166 2474 271 2531 Jortini
285 2487 461 2549 turpemque,
478 2474 514 2529 de
529 2475 633 2548 thyrso.

213 2567 305 2621 Vestri
308 2564 420 2637 fenum
440 2584 464 2620 c.
483 2577 502 2620 t.
521 2575 624 2639 potres
644 2560 682 2641 (v.
700 2566 778 2644 800).
798 2569 883 2624 Multi
902 2567 986 2623 codd.
1008 2585 1043 2622 ex
1061 2568 1183 2639 optimis
1202 2593 1210 2625 τ

167 2685 179 2710 ι
195 2670 326 2715 vestrae...
335 2669 438 2714 matres
447 2679 454 2714 :
464 2683 476 2707 υ
491 2657 572 2731 quod
583 2658 606 2713 si
620 2658 751 2733 primitus
761 2661 860 2717 fuisset
872 2660 1020 2733 scriptum,
1029 2677 1115 2714 nemo
1126 2663 1211 2718 susti-

167 2763 248 2808 neret
261 2763 378 2807 mutare.
388 2753 480 2813 Immo
484 2763 587 2826 patres
596 2752 643 2807 hic
656 2752 765 2824 majore
780 2772 844 2809 cum
858 2752 959 2824 injuria
976 2751 1146 2807 inferuntur.

207 2848 296 2914 Hujus
308 2855 364 2898 tum
384 2847 490 2899 vultum
506 2846 568 2898 Dea
585 2845 765 2900 dissimulata
779 2844 816 2921 (v.
832 2842 907 2919 811).
928 2843 1093 2919 Legeudum
1108 2846 1153 2899 vel
1169 2865 1208 2900 ex

167 2941 221 2995 ΜΒ
243 2949 270 2993 et
285 2938 377 2992 oliisu
399 2939 535 2992 Barth.:«
548 2948 607 2991 tum
625 2939 655 2992 iu
668 2940 791 3003 vultum,
807 2960 819 2984 s
836 2938 882 2990 vel
904 2954 939 2990 ex
953 2939 1026 2991 Dan.
1041 2946 1070 2990 et
1086 2937 1157 3009 neg.
1177 2956 1209 3006 1,

167 3043 199 3087 ut
213 3030 376 3102 conjecerat
390 3030 535 3099 Gronau,
550 3032 635 3083 vultu.

208 3123 316 3177 Limine
329 3121 366 3196 (v.
387 3118 464 3197 819).
480 3121 581 3176 Mariti.
597 3123 640 3175 od
657 3120 738 3184 Situ,
758 3121 849 3188 1v‚3‚
869 3121 921 3189 137
945 3141 950 3173 :
973 3120 1105 3185 culmine,
1121 3120 1206 3192 quod

166 3233 225 3269 non
240 3213 434 3269 necessarium.

213 3308 289 3378 Quid
300 3305 400 3377 faciat
420 3308 540 3360 contin?
556 3302 665 3377 premit
683 3299 721 3377 (v.
742 3300 820 3378 838).
843 3304 1016 3376 Recipienda
1039 3312 1097 3357 emt
1118 3321 1205 3358 suasu

167 3399 275 3454 Barthii
297 3396 443 3453 distinctio
469 3397 618 3450 meliorum
645 3393 775 3449 codicum
802 3415 809 3450 :
841 3395 942 3464 «Quid
967 3393 1072 3450 faciat?
1104 3405 1205 3449 contra

165 3489 304 3561 premit»

205 3581 320 3633 Devicta
337 3578 374 3655 (v.
390 3577 468 3655 840).
483 3577 581 3634 Scribe
601 3597 635 3633 ex
654 3581 707 3633 ΜΒ
724 3590 751 3634 et
765 3579 862 3633 multis
879 3580 1030 3634 meliorum
1044 3577 1123 3632 libris
1138 3597 1205 3633 cum

165 3675 233 3746 neg.
256 3689 267 3725 1
285 3691 292 3724 :
311 3671 439 3739 «evicta,
455 3696 466 3719 u
484 3671 593 3743 dequo
609 3691 635 3726 v.
651 3675 785 3727 Gnosov.

208 3762 379 3836 comitesque
398 3762 492 3815 odisse
511 3763 615 3818 Dianae
631 3762 668 3839 (v.
684 3764 762 3841 843).
780 3766 919 3838 Supplent
932 3764 969 3818 ad
989 3764 1046 3817 ltaec
1063 3778 1098 3815 ex
1113 3779 1202 3832 supc-

166 3854 306 3910 rioribus:
317 3863 416 3909 auctor
430 3851 531 3908 Orion.
547 3854 635 3926 Quod
650 3854 713 3911 fieri
727 3876 786 3911 non
799 3874 882 3929 posse
892 3865 1017 3929 apparet.
1028 3854 1115 3907 Recte
1130 3853 1203 3906 Bar-

166 3946 241 4003 thius
254 3945 292 4002 ita
307 3945 476 4021 distinguit:
496 3948 702 4023 «comitesque
724 3949 816 4004 odisse
835 3947 932 4002 Dianae
949 3946 1019 4002 lnde
1038 3942 1115 3998 furit.
1135 3943 1199 3997 Pri-

170 4060 246 4095 mum
259 4042 304 4097 hic
318 4040 464 4106 turbatos,
474 4063 485 4086 υ
502 4051 552 4094 etc.
