2812 5258
190 491 207 548 4
549 486 578 538 Ρ.
596 482 715 538 PUBLII
736 480 855 536 S'l'ATli
1132 495 1202 543 (ιω.

188 607 358 693 Pondere;
377 606 547 677 nectardo
567 620 680 698 raptus
697 629 800 697 prope
823 604 958 671 flumina
978 624 1075 669 cursu

190 730 328 813 Fumat,
349 738 382 793 et
398 725 522 817 ingenti
540 721 696 816 propellit
715 725 889 814 Strymona
908 721 997 787 llatn.

237 848 300 912 Par
315 842 407 935 operi
425 838 515 908 sedes
533 866 541 907 ε
563 841 640 907 hinc
659 839 755 907 obvia
775 838 890 905 limina
907 835 1022 930 pandit

189 962 259 1052 Qui
277 960 378 1026 fessus
397 957 510 1045 bellis,
530 957 658 1025 adscitae
676 982 812 1024 munere
831 955 951 1049 prolis,

189 1077 317 1146 Primus
336 1076 399 1142 iter
416 1076 536 1142 nostris
553 1073 695 1142 ostendit
714 1075 749 1140 in
768 1074 888 1144 athera
907 1073 999 1140 divis.

189 1195 332 1263 Discitur
350 1218 368 1260 e
387 1191 481 1261 vultu
497 1205 657 1284 quantum
675 1206 711 1259 tu
727 1192 838 1259 mitior
857 1193 975 1276 armis;

188 1311 257 1399 Qui
276 1310 389 1378 necin
407 1323 558 1376 externos
578 1306 678 1375 facilis
696 1309 807 1376 saevire
825 1308 951 1375 furores

188 1429 257 1499 Das
275 1427 380 1495 Cattis
398 1427 559 1517 Dacisque
578 1423 676 1491 fidem
695 1450 702 1491 :
723 1438 754 1492 te
773 1426 865 1518 signa
886 1424 1023 1511 ferente,

189 1547 231 1612 Et
250 1545 358 1611 minor
376 1544 410 1609 in
431 1540 517 1635 leges
536 1542 598 1607 iret
613 1566 724 1633 gener,
744 1557 776 1609 et
793 1544 877 1610 Cato
895 1543 1018 1610 castris.

189 1663 233 1729 At
251 1657 390 1726 laterum
410 1682 521 1750 passus
537 1658 614 1725 hinc
630 1656 717 1725 Julia
737 1671 821 1726 tecta
841 1673 989 1742 tuentur;

189 1773 285 1842 Illinc
304 1773 451 1866 belligeri
471 1772 617 1847 sublimis
637 1775 726 1866 regia
744 1773 848 1842 Pauli.

189 1896 294 1985 Terga
312 1905 415 1984 pater,
434 1889 621 1982 blandoque
640 1891 728 1959 videt
747 1891 933 1960 Concordia
951 1890 1054 1960 vultu.

205 2021 210 2036 '
236 2016 311 2105 Ipse
330 1994 439 2079 autem
460 2035 545 2105 puro
565 1996 690 2080 celsum
707 2027 806 2106 caput
826 2036 900 2081 aere
919 2026 1029 2106 septus

188 2128 325 2222 Templa
343 2129 561 2224 superfulges,
575 2128 614 2198 tt
632 2147 840 2225 prospectare
858 2130 997 2216 videris,

189 2249 241 2317 An
259 2272 345 2315 nova
363 2251 558 2343 contemptis
570 2263 706 2342 surgant
723 2247 856 2341 pallatia
873 2247 1011 2312 flammis

189 2362 361 2431 Pulchrius
381 2388 390 2428 t
411 2387 453 2429 an
474 2365 571 2430 tacita
587 2361 700 2453 vigilet
716 2363 786 2428 face
802 2361 938 2427 Troicus
957 2359 1060 2450 ignis,

189 2481 296 2569 Atque
314 2474 497 2568 exploratas
510 2479 579 2569 jam
599 2474 710 2542 laudet
729 2477 829 2542 Vesta
848 2475 1020 2542 ministras.

189 2596 314 2663 Dextra
333 2604 421 2659 vetat
441 2615 567 2685 pugnas
587 2615 595 2657 ε
616 2588 730 2658 lavam
746 2591 896 2659 Tritonia
912 2592 1006 2684 virgo

190 2712 268 2782 Non
287 2724 420 2805 gravat,
433 2723 466 2777 et
483 2721 577 2777 sectae
592 2706 764 2800 praetendit
783 2706 866 2775 colla
884 2709 1043 2797 Medusae,

191 2829 261 2897 Ceu
280 2825 419 2895 stimulis
437 2823 593 2894 accendat
612 2849 743 2918 equum.
765 2828 835 2895 Nec
854 2825 981 2895 dulcior
1000 2853 1134 2920 usquam

191 2947 291 3012 Lecta
307 2942 376 3010 deae
394 2943 498 3027 sedes3
518 2966 579 3011 nec
598 2944 639 3027 si,
658 2957 761 3036 pater,
781 2944 849 3037 ipse
869 2956 1003 3013 teneres.

189 3063 345 3146 Pectora,
365 3082 436 3151 quae
455 3059 569 3127 mundi
588 3058 719 3128 valeant
738 3060 888 3129 evolvere
906 3086 1020 3147 curas,

190 3179 232 3245 Et
249 3176 321 3269 quis
340 3200 374 3244 se
393 3177 468 3245 totis
487 3180 622 3246 Temese
638 3177 729 3247 dedit
746 3179 863 3247 hausta
877 3178 1030 3263 metallis,

190 3296 221 3360 lt
239 3307 330 3387 tergo
350 3292 487 3364 demissa
506 3294 650 3389 chlamys
670 3321 678 3363 :
700 3293 784 3363 latus
804 3320 881 3363 ensa
898 3298 1009 3387 quieto

191 3412 369 3495 Securum3
386 3436 523 3505 magnus
543 3427 666 3505 quanto
685 3437 842 3481 mucrone
862 3413 1005 3480 minatur

190 3527 350 3596 Noctibus
368 3528 528 3613 hibernis,
545 3543 578 3595 et
598 3529 704 3596 sidera
722 3543 822 3597 terret
842 3531 959 3597 Orion.

240 3651 284 3717 At
300 3650 445 3741 sonipes,
459 3648 590 3714 habitus
605 3649 795 3739 animosque
815 3649 959 3716 imitatus
978 3664 1160 3742 equestres,

193 3765 308 3833 Acrius
328 3762 447 3831 attollit
464 3761 592 3848 vultus,
613 3787 809 3855 cursumque
825 3767 992 3834 minatur:

192 3882 255 3950 Cui
272 3879 384 3975 rigidis
399 3893 487 3947 stant
503 3877 586 3947 colla
602 3879 706 3972 jubis,
722 3882 878 3973 vivusque
898 3908 958 3976 per
976 3908 1083 3952 armos

193 4000 357 4090 Impetus3
373 4011 406 4065 et
421 3997 520 4064 tantis
537 3994 716 4065 calcaribus
735 3996 791 4066 ilia
808 3997 871 4067 late

1203 494 1211 542 l
