2812 5258
272 413 325 478 ru.
583 407 796 463 rnennnos
816 405 926 461 unna
946 403 983 459 re
1201 404 1235 465 (ι.
1247 405 1322 469 ιω

268 540 332 605 Per
346 561 501 603 somnum
514 533 659 619 Thebas,
672 546 705 599 et
720 529 966 599 Thiodamanta
980 528 1122 596 videbat.

317 656 448 743 Quarta
465 651 658 747 soporiferae
676 650 884 744 superabant
899 665 1050 743 tempora
1068 651 1181 734 noeti,

267 777 384 864 Quum
404 799 515 843 vacuae
534 774 655 857 nubes,
670 787 705 841 et
718 771 829 840 honor
846 795 914 840 non
931 769 1087 839 omnibus
1103 771 1218 856 astris,

269 896 475 989 Alliatusque
495 895 581 988 fugit
595 918 698 961 curru
714 893 841 985 majore
860 894 991 960 Bootes.

267 1019 408 1107 Jamque
426 1017 538 1109 ipsum
557 1012 678 1082 defecit
695 1036 797 1106 opus,
816 1036 921 1106 quum
940 1009 1101 1104 providus
1122 1015 1227 1079 Actor

266 1135 512 1204 Thiodamanta
532 1148 630 1203 vocat
649 1159 657 1201 :
677 1134 792 1202 «Satis
811 1133 881 1202 haec
901 1134 1038 1227 inopina
1056 1129 1204 1226 Pelasgis

267 1254 425 1323 Gaudia:
445 1256 501 1324 vix
520 1252 608 1324 ullos
627 1268 721 1323 tanto
738 1279 815 1323 reor
834 1255 969 1350 agmine
987 1277 1107 1322 saevam

266 1375 432 1470 Effirgisse
451 1401 585 1464 necem,
603 1378 637 1445 ni
657 1400 741 1469 quos
759 1376 918 1446 deformis
938 1376 973 1442 in
992 1371 1061 1443 alto

267 1498 440 1591 Sanguine
454 1497 633 1590 degeneres
652 1495 799 1565 occultat
814 1497 883 1564 vita
902 1520 910 1561 :
931 1494 1087 1563 secundis

266 1620 358 1685 Pone
375 1616 511 1684 modum
530 1640 538 1682 :
559 1629 688 1684 suntet
707 1614 787 1683 diris
804 1640 864 1683 sua
883 1615 1023 1682 numina
1042 1616 1175 1685 Thebis.

266 1739 417 1805 Forsitan
435 1750 469 1802 et
488 1734 584 1805 nobis
603 1735 704 1805 modo
717 1761 792 1829 quae
809 1735 935 1822 lavere,
955 1735 1124 1804 recedunt.
1146 1768 1162 1800 n

315 1858 447 1944 Paruit,
468 1871 502 1924 et
521 1856 671 1926 madidas
688 1857 808 1927 tollens
826 1857 869 1926 ad
889 1856 997 1931 sidera
1018 1857 1146 1952 palmas
1168 1888 1176 1926 :

265 1977 436 2063 «Phoebe,
457 1977 516 2046 tibi
536 1981 672 2048 exuvias
691 1993 882 2048 monstrata
902 1981 1041 2073 praemia
1060 1982 1187 2068 noctis,

264 2099 425 2168 Nondum
443 2098 578 2170 ablutus
597 2104 709 2196 aquis,
729 2103 789 2172 tibi
809 2106 900 2172 enim
919 2105 989 2172 haic
1008 2128 1071 2198 ego
1090 2128 1185 2172 saera
1203 2102 1319 2191 litavi,

265 2219 377 2289 Trado
397 2221 486 2291 ferus
506 2221 601 2292 milas
619 2223 811 2317 tripodum,
831 2224 982 2318 fidusque
1001 2225 1165 2295 sacerdos.

265 2345 299 2412 Si
320 2368 387 2412 non
408 2343 547 2414 dedecui
563 2359 622 2413 tua
637 2346 745 2437 jussa,
764 2343 894 2438 tulique
910 2359 1131 2438 prementem,

266 2466 360 2557 Saepe
375 2467 474 2533 veni:
494 2487 580 2558 saepe
597 2464 683 2531 hanc
700 2462 839 2558 dignare
858 2465 1044 2558 irrumpere
1063 2477 1219 2531 mentem.

267 2587 365 2654 Nunc
377 2587 436 2654 tibi
447 2584 569 2654 crudus
578 2584 701 2673 honos,
714 2598 834 2654 trunca
844 2609 954 2674 arma,
964 2608 1130 2677 cruorque
1141 2586 1290 2652 virorum
1307 2613 1315 2654 :

266 2710 310 2776 At
330 2710 454 2801 patrias
471 2709 498 2776 si
518 2706 653 2801 quando
672 2707 808 2794 domos,
828 2722 1022 2802 optataque,
1039 2709 1155 2793 Paean,

266 2825 422 2922 Templa,
442 2830 558 2921 Lycie,
576 2827 685 2912 dabis,
698 2844 756 2923 ,tot
773 2828 855 2897 ditia
874 2827 960 2895 dona
979 2827 1116 2893 sacratis

266 2948 437 3031 Postibus,
457 2964 491 3016 et
510 2947 649 3018 totidem
672 2953 740 3019 voti
759 2972 887 3018 memor
906 2949 999 3041 exige
1017 2961 1140 3016 tauros.
1162 2980 1178 3011 n

318 3069 475 3148 Dixerat,
493 3085 527 3138 et
545 3068 627 3139 laetis
642 3064 748 3140 socios
766 3066 943 3137 revocabat
961 3068 1003 3135 ah
1022 3071 1132 3137 armis.

266 3190 413 3257 Venerat
432 3190 493 3257 hos
511 3193 598 3259 inter
617 3191 686 3259 fato
704 3188 908 3281 Calydonius
924 3189 1073 3283 Hopleus
1093 3218 1100 3257 :

265 3308 506 3403 Maenaliusque
524 3315 670 3405 Dymas,
691 3309 802 3378 dilecti
823 3309 958 3404 regibus
980 3312 1095 3395 ambo,

265 3433 393 3524 Regum
414 3431 513 3499 ambo
533 3432 685 3516 comites,
705 3454 851 3523 quorum
871 3446 947 3525 post
967 3430 1083 3500 funera
1106 3432 1210 3499 moesti

264 3550 377 3615 Vitam
396 3549 640 3644 indignantur:
660 3551 754 3643 prior
770 3551 900 3620 Areada
920 3554 1066 3621 eoncitat
1084 3551 1233 3647 Hopleus
1253 3579 1260 3618 :

264 3700 280 3732 α
299 3668 444 3740 Nullane
466 3685 539 3765 post
559 3696 672 3739 manes
693 3672 781 3767 regis
798 3674 859 3742 tibi
877 3699 956 3743 cura
974 3677 1133 3768 peremti,

265 3795 349 3862 Care
367 3792 496 3885 Dyma?
518 3808 653 3862 teneant
671 3820 770 3889 quem
787 3797 857 3888 jam
878 3795 1017 3865 fortasse
1036 3794 1188 3865 volueres

264 3914 480 4007 Thebanique
499 3940 597 3983 canes
618 3943 625 3982 :
647 3918 763 4010 patriae
782 3917 862 4008 quid
881 3916 1001 3986 deinde
1021 3916 1151 4003 feretis,

265 4035 429 4106 Arcades?
449 4061 489 4104 en
510 4036 649 4106 reduces
668 4053 787 4107 contra
809 4040 900 4106 venit
919 4064 1034 4133 aspera
1051 4054 1157 4110 mater
1177 4066 1185 4109 ι
