2812 5258
318 447 357 500 IN
379 449 408 501 P.
430 450 458 500 P.
480 449 604 503 STATII
626 450 732 504 THEB.
753 451 819 504 LIB.
841 453 863 504 1.
1046 453 1100 526 295

74 578 131 634 que
147 559 201 615 boc
219 560 306 614 modo
328 561 412 615 codd.
427 561 522 630 multi,
539 560 687 635 inquibus
704 563 847 633 meliores,
860 564 999 637 probante
1020 566 1101 621 etiarn

75 652 188 707 Handio
203 651 240 706 ad
254 652 359 718 Silvas,
374 671 402 721 1,
417 671 451 719 a,
469 653 531 707 riio.

112 745 226 798 Aoucla
241 757 300 799 arte
317 743 354 813 (v.
372 743 445 818 106).
460 746 481 798 1.
496 763 521 798 c.
536 745 669 813 thessala,
682 745 804 817 magica,
823 746 858 800 ab
879 750 993 817 Arrace,
1008 749 1098 805 Thes-

75 834 148 890 saliae
160 854 234 909 rege.
249 835 294 889 Sic
307 837 399 890 Valer.
414 838 520 905 Flacc.‚
534 855 580 904 vr,
597 843 650 905 447
668 854 674 888 :

179 949 293 1011 Quamvis
305 950 402 999 Atracio
411 951 490 998 lunam
504 965 613 1016 spumare
625 965 716 998 veneno

176 1030 259 1081 Sciret.

114 1136 260 1192 Coerulei...
278 1138 348 1192 nodi
359 1134 396 1213 (v.
415 1135 487 1209 ιιο).
502 1138 545 1192 Ex
563 1137 701 1211 anguibus
719 1136 793 1192 irexi.
815 1136 924 1191 Ibidem
946 1139 975 1192 iu
986 1152 1101 1211 pectora

73 1226 215 1300 quidquid
229 1237 271 1283 est
288 1227 460 1300 optimorum
475 1227 558 1283 codd.
574 1228 668 1302 Vulgo
685 1229 713 1281 iu
722 1240 853 1299 pectore,
875 1227 955 1301 quod
968 1230 1100 1300 praesere-

72 1319 121 1373 bat
140 1318 304 1375 Wakefield
321 1320 358 1375 ad
371 1322 498 1387 Locren,
513 1337 563 1388 ιιι,
579 1316 643 1384 504.

112 1413 306 1486 Atqueoequis
324 1412 556 1467 vinculatorum
576 1410 686 1464 Viribus
707 1406 743 1484 (r.
764 1407 838 1486 135).
859 1409 917 1466 Etsi
936 1410 990 1468 boc
1009 1415 1101 1487 expli-

74 1501 130 1556 cari
142 1513 254 1574 potest,
268 1504 357 1557 multo
373 1514 465 1557 tamen
478 1501 544 1556 huic
557 1501 621 1555 loco
636 1499 848 1556 convenientius
861 1511 902 1556 est
920 1504 1000 1575 quod
1018 1505 1098 1561 inve-

72 1592 114 1647 nit
125 1593 329 1664 Wakefieldus,
339 1596 402 1650 Sitv.
412 1595 471 1649 crit.
479 1634 488 1660 ,
497 1596 526 1648 P.
541 1609 580 1663 ιι,
593 1611 622 1666 p.
638 1590 674 1665 59
688 1611 696 1646 z
711 1616 723 1642 α
737 1594 772 1648 Et
785 1593 885 1667 iniquis
893 1593 1005 1651 vincula
1018 1598 1036 1651 l.
1044 1599 1098 1651 V.»

111 1686 254 1739 Montibus
270 1686 364 1740 Graiis
383 1682 421 1762 (v.
443 1681 518 1760 145).
538 1684 680 1739 Marmore
701 1701 737 1739 ex
760 1684 904 1739 montibus
926 1687 1036 1743 Graecias
1050 1706 1101 1742 ex-

73 1776 149 1845 ciso,
164 1788 196 1830 ut
209 1795 287 1831 mous
305 1777 392 1848 Libys
405 1776 435 1830 in
455 1776 518 1831 Silv.
526 1815 536 1843 ,
552 1795 596 1847 ιι,
612 1795 645 1846 a,
664 1793 709 1845 ²7·

121 1881 262 1951 Quietum
281 1880 345 1945 tibi,
360 1898 433 1934 saue
453 1874 490 1953 (v.
508 1877 583 1956 165).
601 1879 665 1935 scil.
688 1880 809 1935 Eteocle.
825 1881 955 1937 Ceterum
977 1891 1040 1935 tuuc
1057 1882 1101 1936 ie-

74 1970 198 2046 gendum
213 1988 248 2024 ex
262 1980 322 2042 opt.
336 1970 430 2025 Barth.
445 1979 474 2025 et
493 1986 509 2024 a
529 1971 618 2045 Regg.

117 2076 221 2129 Tamen
234 2075 283 2128 itte
293 2075 423 2147 precanti
433 2074 515 2128 Mitis
529 2072 566 2147 (v.
585 2075 638 2148 189
651 2071 714 2150 sq.).
735 2074 884 2130 inducitur
895 2074 941 2129 hic
955 2076 1037 2145 aiter,
1051 2077 1100 2149 qui

73 2165 201 2222 defendit
218 2168 361 2222 Eteoclem
375 2166 411 2219 ab
425 2164 479 2219 iilis
494 2152 736 2238 imputationibus.

112 2259 210 2331 Neque
229 2269 259 2312 tu
276 2258 377 2312 ualida
394 2257 471 2331 quod
491 2253 528 2330 (v.
544 2273 600 2312 rna
614 2254 677 2331 sq.).
695 2258 796 2331 Neque
815 2275 867 2330 per
889 2257 1025 2313 diluvium
1046 2259 1099 2315 hoc

72 2351 226 2423 prestitum
240 2359 295 2419 est,
304 2367 392 2422 quum
402 2349 551 2421 Neptunus
564 2348 645 2422 aquis
658 2349 688 2404 iu
696 2360 784 2405 terras
797 2349 908 2422 evagari
919 2349 1098 2421 permitteret.

112 2443 369 2515 Ermoesquesems
383 2458 525 2494 nemorum
539 2436 575 2514 (v.
592 2437 669 2515 230).
684 2464 696 2488 a
707 2443 816 2514 Agaues
838 2450 865 2494 et
886 2440 1001 2495 Penthei
1023 2440 1098 2494 indi-

71 2533 128 2588 cari
136 2533 270 2589 ridentur
283 2533 353 2601 iata,
363 2540 391 2585 et
404 2530 505 2586 Bacchi
518 2529 650 2585 adversus
658 2531 811 2586 Pentheum
824 2530 916 2600 fraus,
925 2532 1014 2604 qualis
1023 2530 1099 2601 apud

71 2624 235 2697 Euripidem
255 2623 407 2679 consuitur.
426 2645 440 2671 υ
453 2624 536 2677 Wsn.

111 2721 198 2771 Aruer
218 2716 372 2789 Cyclopum
387 2710 422 2787 (v.
439 2713 491 2769 251
508 2709 572 2789 sq.).
586 2716 691 2785 Argos,
706 2712 756 2766 ubi
769 2711 843 2766 muri
859 2711 996 2786 Cyclopii.

112 2809 213 2882 Coptos
225 2805 264 2884 (v.
285 2803 361 2879 265).
376 2804 432 2863 Ubi
446 2806 478 2859 lo
496 2805 587 2877 pellex
602 2803 679 2860 iovis
693 2803 844 2858 colebatur.

111 2913 239 2984 Nesasu's
250 2916 412 2984 Imposuere
432 2911 500 2965 locis
519 2906 557 2985 (v.
573 2910 628 2978 ²73
643 2904 708 2983 sep).
727 2906 791 2962 Scil.
809 2906 859 2960 ubi
877 2906 991 2982 Lycaon
1005 2908 1097 2964 bomi-

72 3024 135 3059 nem
147 3015 317 3062 mactaverat
330 3003 360 3058 in
375 3002 453 3057 iovis
467 3019 528 3070 ara3
542 2999 577 3055 ci.
593 3002 728 3066 Pensm,
742 3016 813 3065 vsu,
832 3015 859 3051 a.

113 3109 235 3164 Getico...
248 3108 299 3163 sub
311 3110 413 3162 Hoemo
431 3105 468 3181 (v.
486 3101 562 3178 275).
578 3105 649 3158 Cum
662 3102 807 3158 Diomedis
820 3101 934 3156 Thracis
949 3102 1038 3174 equis.

114 3212 226 3278 Gruu's,
248 3213 328 3266 dicu's
338 3251 347 3277 ,
363 3227 526 3284 quanquam
545 3225 665 3281 aspero,
683 3218 773 3261 motus
788 3202 826 3281 (r.
848 3202 924 3279 284).
942 3205 1006 3259 Hac
1026 3204 1065 3259 ita
1082 3222 1097 3258 a

72 3303 160 3358 Statio
182 3303 267 3358 scribi
283 3321 343 3359 non
361 3311 522 3376 potuerant.
545 3298 635 3355 Codd.
662 3316 740 3371 paene
762 3314 857 3352 omues
879 3315 885 3349 :
909 3307 1000 3359 motu;
1022 3296 1098 3355 uude

72 3394 257 3468 probabiliter
270 3395 399 3449 barthius
412 3414 419 3448 :
435 3419 447 3442 u
455 3393 537 3468 gravi
546 3391 643 3460 dictis,
653 3410 680 3464 q.
695 3407 767 3462 asp„
780 3399 855 3442 motu
864 3386 999 3442 Reddidit
1011 3387 1096 3441 hac.»

112 3501 303 3568 Ausummque
321 3496 431 3552 Dionen
452 3497 489 3571 (v.
515 3492 592 3570 288).
614 3492 753 3548 «Veneris
778 3501 893 3546 matrem
912 3488 981 3566 (sire
1003 3489 1097 3559 potius

72 3589 161 3661 ipsam
174 3587 326 3665 Venerem)
336 3586 406 3643 dicit
418 3589 564 3644 collicitam
577 3587 699 3640 futuram
713 3593 831 3656 propter
844 3578 1014 3635 Harmonien
1022 3620 1030 3647 ,
1039 3581 1098 3634 Ve-

72 3679 146 3734 neris
163 3689 190 3734 et
204 3677 303 3732 Martis
321 3675 426 3737 filiam.
439 3679 537 3735 eadm
550 3695 677 3733 uxorem.
694 3701 705 3725 a
719 3676 804 3729 Lscr.

113 3788 187 3856 Lege
195 3782 282 3836 Erebi
292 3779 330 3855 (v.
346 3777 424 3856 298).
438 3781 510 3851 Quia
523 3782 615 3837 adhuc
631 3781 736 3834 inuitus
750 3788 827 3846 erat,
840 3786 872 3829 ut
889 3773 966 3846 apud
978 3774 1097 3839 Lucan„

74 3892 100 3942 ι,
124 3891 180 3928 rr:

178 4046 185 4062 .
199 4048 206 4062 .
221 4047 228 4060 .
243 4047 249 4059 .
265 4010 399 4074 Umbroque
412 4017 501 4058 erraret
513 4012 605 4061 Caesus
617 4008 699 4058 inuita.
