2812 5258
397 442 436 495 IN
458 443 487 495 P.
509 442 536 496 P.
558 439 682 494 STaTfl
704 440 810 493 THEB.
834 442 902 494 LIll.
925 441 1003 495 Vlll.
1163 440 1215 494 321

227 560 299 631 Quoe
314 556 367 611 tibi
376 554 414 632 (v.
430 553 505 630 162).
524 579 535 601 «
548 553 732 623 admirative,
742 578 752 600 »
769 554 858 626 inquit
875 555 950 608 Lact.
965 575 970 607 :
984 564 1157 631 παρίλκωης,
1167 573 1220 608 1ο-

186 651 256 719 luit,
279 663 320 708 w]
344 648 401 702 tibi.
430 649 560 703 Ceterum
579 649 632 700 ΜΒ
649 667 655 699 :
678 648 776 701 «Tunc
795 647 834 700 ibi
854 666 916 719 quae
939 647 1060 717 facies„
1080 646 1220 719 probante

186 742 279 797 Barth.
907 808 910 810 v

226 837 263 888 Et
275 832 404 906 efflantes
418 829 456 907 (1.
474 830 548 906 168).
563 855 575 878 «
585 830 766 903 Exspirantes
782 829 903 885 animam
917 832 1014 904 plagas
1023 830 1141 887 insuere.
1160 836 1220 888 Me·

186 928 334 999 tapboram
349 945 364 981 a
378 924 494 979 medicis
514 923 616 991 traxit,
632 923 682 995 qui
697 925 787 978 solent
807 923 898 977 letalia
914 924 1031 977 vulnere
1045 925 1149 980 suturis
1166 944 1218 979 an-

186 1031 326 1075 nectere.»
344 1022 429 1074 Lacr.

226 1114 264 1166 Et
275 1131 333 1185 per
343 1112 466 1166 tentoria
483 1126 575 1162 sermo
589 1105 629 1182 (1.
652 1105 726 1181 171).
743 1108 858 1179 Optime
872 1110 926 1162 ΜΒ
942 1129 948 1161 :
965 1133 976 1157 c
987 1110 1008 1161 it
1024 1126 1083 1180 per.
1100 1131 1112 1157 s

224 1222 283 1272 Aut
299 1218 411 1272 coesis...
430 1217 459 1268 in
474 1214 547 1267 extis
557 1208 597 1287 (1.
618 1210 692 1286 178).
709 1215 814 1267 Iterum
829 1232 894 1268 vere
910 1212 985 1268 idem
998 1232 1005 1266 ε
1017 1238 1029 1262 «ι
1041 1224 1090 1267 aut
1100 1216 1192 1268 cercis.
1207 1238 1218 1261 1

225 1322 411 1384 Proescieras,·
425 1331 453 1373 et
467 1328 574 1392 quanta
589 1315 626 1391 (1.
644 1316 717 1393 183).
734 1318 825 1373 Codd.
842 1319 936 1373 Barth.
953 1317 1066 1389 :lpmh
1081 1329 1195 1390 quanta.
1207 1324 1235 1367 »²

228 1429 302 1480 Tunc
320 1427 403 1479 etiam
414 1423 450 1499 (1.
469 1421 543 1498 187).
559 1423 746 1479 Scribendum
762 1443 796 1479 ex
811 1424 875 1480 eod.
892 1427 946 1480 ΜΒ
963 1444 969 1477 :
984 1447 998 1473 α
1010 1424 1090 1476 Nunc
1103 1425 1219 1480 etiam.»

225 1522 348 1592 Altaque
370 1536 512 1591 erumpere
535 1530 610 1571 tcrra
633 1515 671 1591 (v.
692 1516 882 1593 190).M13et
901 1518 947 1572 alii
970 1536 1028 1571 non
1054 1517 1137 1589 pauci
1156 1537 1218 1572 cum

185 1615 260 1666 lact.
282 1613 340 1668 MS.
356 1612 458 1666 Paris:
473 1613 589 1684 aliaque
596 1629 607 1674 ,·
621 1611 676 1663 ΜΒ
690 1610 806 1683 insuper
819 1612 950 1678 eumlere,
965 1629 980 1664 e
998 1611 1034 1683 gl.

225 1720 292 1771 AEra
307 1728 412 1772 sonant
434 1714 471 1792 (1.
488 1715 566 1792 111).
580 1715 691 1770 Wakef.
704 1717 747 1769 ad
758 1719 884 1782 Lucret,
903 1736 945 1786 11,
963 1714 1036 1785 618,
1052 1728 1164 1782 touuut,
1181 1718 1219 1770 ob

187 1810 338 1881 repetitum
356 1810 456 1864 vocab.
476 1827 574 1863 sonum
590 1809 620 1862 in
639 1826 697 1880 seq.
713 1827 740 1861 v.

229 1903 262 1954 In
275 1911 391 1973 pectore
405 1911 511 1955 certant
531 1898 570 1976 (1.
592 1896 669 1975 226).
689 1899 736 1954 Sic
751 1898 834 1953 codd.
852 1901 1009 1969 Gronovii,
1030 1920 1114 1974 quem
1137 1921 1163 1955 v.
1183 1901 1220 1955 ad

186 1994 211 2046 li.
232 1994 249 2046 l.
269 1996 343 2047 Ante
358 2011 422 2047 eum
440 1992 588 2066 legebatur
606 2016 617 2038 a
633 1991 831 2066 intempore.»

225 2085 371 2158 Nullisque
391 2086 472 2140 deest
487 2103 539 2138 sua
547 2083 658 2155 sabula
672 2084 776 2139 mensis
799 2082 837 2159 (1.
854 2082 932 2159 236).
957 2085 1004 2142 Sic
1017 2085 1102 2158 pauci
1120 2083 1221 2153 codd,

185 2196 277 2251 neque
292 2177 410 2250 optimi3
429 2178 478 2233 sed
492 2188 561 2232 teste
576 2180 703 2231 Gronov.
726 2175 763 2231 ad
777 2195 816 2245 11,
832 2175 885 2233 551
904 2197 911 2232 :
933 2202 945 2226 «ι
958 2178 1090 2234 Meliores
1106 2175 1220 2251 plurimi

186 2271 280 2324 Nullis
289 2271 383 2335 deest,
399 2292 414 2319 s
428 2287 485 2342 qua
499 2286 630 2323 mensura
645 2267 750 2323 Statius
768 2269 855 2323 utitur
869 2268 946 2324 alibi.
961 2269 1027 2324 Sine
1041 2269 1131 2324 dubio
1145 2286 1219 2323 vere.

186 2363 219 2415 ln
239 2363 299 2418 aliis
317 2361 402 2417 codd.
411 2360 478 2430 jam
501 2360 645 2429 additum,
659 2361 689 2414 in
712 2361 761 2429 al,
775 2363 855 2434 quiri,
878 2364 949 2417 male
973 2361 1136 2417 sedularum
1159 2379 1221 2416 ma·

184 2473 273 2508 uuum
291 2453 395 2509 indicia
411 2452 575 2519 manifesta,
590 2462 745 2525 utcumque
757 2453 866 2524 judicet
880 2455 1028 2511 Weberus.

224 2562 291 2614 Fors
301 2576 444 2633 prospera
458 2557 527 2612 belli
539 2553 577 2629 (1.
593 2555 672 2632 250).
688 2557 784 2613 Minus
799 2548 873 2614 bene
887 2559 996 2633 aliquot
1011 2559 1095 2614 codd.
1117 2579 1139 2613 c.
1155 2557 1219 2613 cdd.

184 2661 250 2705 vett.
267 2671 273 2704 :
292 2669 359 2705 sors.

228 2743 340 2795 Tenui...
354 2744 436 2796 corde
454 2738 492 2816 (1.
510 2736 587 2815 161).
603 2762 617 2787 α
628 2740 731 2794 Subtili
746 2740 830 2794 animi
849 2740 1042 2795 intentione.»
1056 2743 1156 2793 Gsoss.

227 2847 340 2900 &eruere
365 2858 428 2900 tunc
449 2864 534 2902 arcus
553 2842 592 2922 (1.
618 2842 695 2920 191).
714 2844 827 2919 Insigne
844 2862 944 2920 regum
962 2844 1171 2912 Parthicarum
1193 2863 1219 2897 1.

187 2942 349 3005 Burman,
367 2956 396 3010 p.
413 2937 478 3013 369.
801 2928 806 2945 ¹

228 3031 403 3104 Mutatisque
425 3031 500 3083 uices
521 3028 559 3106 (1.
576 3026 653 3107 307).
672 3031 717 3084 Sc.
742 3030 953 3098 alimentorum,
969 3030 1120 3106 glandibus
1141 3033 1220 3090 cibos

186 3122 312 3177 mitiores
332 3119 539 3177 substituendo.
563 3121 609 3176 Sic
630 3124 756 3177 Gronov.
776 3138 792 3174 e
815 3120 871 3176 suis
889 3122 974 3177 codd.
993 3122 1124 3177 restituit.
1147 3128 1220 3181 Ante

186 3235 250 3269 cum
268 3235 274 3268 :
292 3216 375 3270 usius.
395 3215 449 3268 ΜΒ
467 3233 474 3266 ;
489 3213 571 3267 cibos.

227 3308 292 3377 Qua
312 3307 426 3360 ticetire
444 3306 494 3360 uia
507 3303 543 3380 (1.
562 3302 640 3380 317).
657 3305 754 3360 Scribe
768 3323 803 3360 ex
817 3307 871 3361 ΜΒ
888 3326 893 3357 :
912 3331 924 3355 ιι
937 3324 993 3379 qua
1009 3307 1121 3361 decet.»

227 3411 324 3465 Celsos
338 3412 520 3465 Homoloidas
534 3429 559 3465 o.
574 3412 692 3465 Hoemon
706 3406 743 3484 (v.
761 3407 838 3486 354).
859 3411 945 3465 Recte
959 3410 1088 3466 Barthius
1102 3431 1109 3465 ε
1125 3436 1136 3458 α
1146 3414 1219 3468 Om-

185 3504 254 3557 nino
268 3503 450 3558 scribendum
464 3523 528 3559 cum
545 3503 659 3578 optimis
671 3504 751 3558 libris
770 3523 777 3557 ε
792 3503 915 3559 «Celsus
928 3503 963 3557 H.
975 3527 989 3554 s
1003 3505 1069 3576 Seq.
1088 3523 1170 3561 versu
1184 3507 1220 3560 ii-

186 3595 251 3649 ‹lem
272 3595 377 3668 aliique
399 3595 464 3651 libri
486 3599 594 3651 ucelsoe
616 3596 715 3652 indere
736 3597 862 3670 Dryanta
884 3596 1008 3651 Eleetrae.
1024 3621 1036 3644 1
1060 3598 1219 3671 Utrumque

186 3688 300 3760 optime.
317 3712 330 3735 n

225 3781 391 3854 Septemque
410 3781 575 3855 patentibus
596 3782 669 3835 amis
694 3780 733 3858 (v.
761 3781 837 3857 360).
861 3783 992 3838 Alienum
1016 3783 1052 3837 ab
1076 3783 1103 3836 h.
1123 3783 1140 3836 l.
1164 3792 1218 3851 est,

186 3872 266 3945 quod
281 3873 411 3927 Barthius
426 3873 462 3927 ad
477 3872 687 3946 intelligendam
702 3893 800 3930 vocem
814 3877 889 3930 arvis
901 3876 999 3944 affert,
1009 3873 1144 3929 Ovidium
1158 3875 1218 3928 ual-

186 3967 227 4019 les
246 3982 349 4019 vocare
362 3965 434 4019 ostia
453 3964 510 4019 Nili
530 3964 568 4019 ob
590 3965 775 4024 latitudinem.
793 3968 958 4043 Legendum
979 3976 1038 4021 erat
1056 3985 1120 4020 eum
1138 3969 1216 4021 Gro-

186 4056 273 4110 norio
298 4076 304 4109 :
327 4057 421 4110 alvers.

281 4182 317 4226 ll.
1087 4181 1125 4225 at
