2812 5258
333 436 386 506 ¹7⁶
643 432 854 488 turannos
875 430 987 486 nmen
1007 432 1029 484 1.
1249 430 1376 499 (μοι.)

330 559 544 652 stellantique
560 558 646 626 locat
663 557 745 626 solio
763 583 771 625 :
789 579 849 625 nec
865 556 1017 649 protinus
1036 555 1107 623 nusi

330 678 512 766 Caelicolae,
533 680 662 747 veniam
681 678 786 746 donec
806 690 900 771 pater
919 677 987 769 ipse
1003 672 1137 743 sedendi

328 797 520 892 Tranquillo
536 798 631 889 jubet
650 822 720 865 esse
735 821 836 864 manu
855 821 863 862 ε
881 819 959 863 mox
977 795 1074 862 turba
1088 816 1250 888 vagorum

330 917 533 1004 Semideum,
549 933 582 984 et
603 917 737 984 summis
757 918 889 1010 cognati
910 914 1054 983 nubibus
1071 937 1200 1001 amnes,

329 1043 371 1108 Et
389 1061 574 1131 compressa
593 1051 684 1103 metu
695 1049 866 1109 ‚servantes
886 1058 1059 1103 murmura
1077 1035 1167 1102 venti

329 1163 438 1228 Aurea
455 1170 540 1224 tecta
556 1154 705 1249 replent;
723 1157 825 1223 mixta
843 1176 988 1223 convexa
1005 1155 1153 1222 Deorum

328 1278 499 1370 Majestate
515 1290 661 1344 tremunt
676 1299 684 1342 τ
702 1275 833 1343 radiant
850 1273 973 1366 majore
991 1296 1107 1341 sereno

329 1398 503 1484 Culmina,
522 1409 555 1463 et
572 1418 692 1463 arcano
711 1394 864 1463 florentes
885 1392 1009 1461 lumine
1023 1407 1142 1486 postes.

377 1521 554 1610 Postquam
570 1517 661 1608 jussa
680 1515 788 1609 quies,
807 1511 961 1605 siluitque
977 1511 1152 1582 exterritus
1169 1514 1282 1601 orbis,

328 1638 449 1728 Incipit
467 1635 589 1704 exalto
608 1634 729 1728 (grave
747 1648 781 1701 et
800 1630 1005 1700 immutabile
1022 1633 1142 1701 sanctis

328 1755 461 1823 Pondus
477 1754 568 1822 adest
585 1753 710 1840 verbis,
731 1767 764 1820 et
782 1776 893 1821 vocem
910 1757 990 1820 Fata
1009 1752 1238 1846 sequuntur-l:
1278 1764 1281 1769 ’

379 1877 581 1942 «Terrarum
601 1870 737 1956 delicta,
757 1896 817 1940 nec
834 1870 1059 1964 exsuperabile
1074 1872 1165 1941 Diris

328 1994 502 2086 ingenium
518 1991 656 2060 mortale
677 2016 821 2083 queror:
838 2014 984 2084 quonam
1001 2014 1105 2085 usque
1119 2008 1307 2065 nocentum

329 2115 445 2206 Exigat
461 2113 495 2180 in
514 2109 651 2205 poenas?
669 2109 765 2179 taedet
781 2110 894 2178 saevire
913 2134 1053 2179 corusco

329 2231 478 2300 Fulmine
493 2258 501 2299 :
519 2229 731 2325 jampridem
750 2227 933 2323 Cyclopum
952 2254 1088 2323 opernm
1103 2230 1265 2303 fatiscunt

328 2351 485 2436 Brachia,
506 2365 539 2418 et
557 2350 669 2419 AEoliis
689 2349 807 2418 desunt
827 2348 1003 2418 incudibus
1023 2351 1123 2445 ignes.

328 2474 435 2561 Atque
455 2468 528 2537 ideo
548 2468 688 2537 tuleram
705 2466 787 2536 falso
807 2483 934 2537 rectore
952 2466 1077 2539 solutos

329 2589 415 2659 Solis
434 2614 556 2683 equos,
577 2587 762 2681 coelumque
781 2588 862 2656 rotis
881 2590 1068 2658 errantibus
1088 2591 1157 2678 uri,

325 2714 368 2779 Et
387 2711 612 2779 Phaethontea
632 2708 794 2777 mundum
810 2707 973 2802 squallere
990 2707 1109 2778 favilla

326 2829 382 2899 Nil
402 2844 510 2898 actum
530 2844 580 2898 est
594 2855 601 2896 :
617 2853 723 2922 neque
743 2843 780 2897 tu
800 2827 909 2897 valida
925 2828 1016 2922 quod
1034 2826 1169 2922 cuspide
1185 2826 1255 2900 late

324 2950 377 3014 Ire
397 2973 455 3040 per
473 2946 623 3016 illicitum
646 2947 778 3042 pelago,
797 2970 969 3042 germane,
990 2946 1117 3017 dedisti.

324 3070 424 3136 Nunc
443 3069 588 3163 geminas
610 3067 729 3160 punire
749 3067 882 3153 domos,
901 3066 975 3160 quis
992 3068 1161 3161 sanguinis
1180 3084 1305 3140 auctm·

325 3189 399 3279 Ipse
415 3212 495 3281 ego,
517 3186 688 3256 descendo.
708 3189 842 3255 Perseos
858 3185 942 3255 alter
959 3187 992 3255 in
1009 3190 1114 3282 Argos

325 3306 502 3392 Scinditur,
521 3308 643 3376 Aonias
664 3307 736 3374 lluit
753 3306 807 3374 hic
827 3306 868 3374 ah
888 3307 1016 3402 origine
1033 3306 1171 3376 Thebas.

323 3426 419 3492 Mens
439 3425 566 3492 cunctis
588 3427 729 3518 imposta
749 3439 883 3494 manet:
901 3426 976 3519 quis
993 3424 1109 3495 funera
1128 3424 1250 3497 Cadmi

324 3542 479 3613 Nesciat?
495 3558 528 3610 et
545 3544 641 3610 toties
661 3546 801 3612 excitam
820 3568 840 3613 a
859 3544 989 3614 sedibus
1007 3546 1081 3614 imis

324 3662 544 3731 Eumenidum
564 3660 697 3730 bellasse
717 3663 845 3732 aciem?
862 3662 948 3733 mala
966 3664 1086 3759 gaudia
1105 3678 1275 3754 matrum,

322 3787 524 3875 Erroresque
541 3781 626 3850 feros
648 3807 840 3870 nemorum,
860 3798 892 3853 et
908 3783 1074 3854 reticenda
1086 3777 1240 3849 Deorum

322 3900 494 3972 Crimina?
511 3903 573 3970 Vix
592 3899 673 3969 lucis
690 3904 814 3996 spatio,
831 3904 887 3970 vix
907 3904 1012 3972 noctis
1028 3900 1149 3973 abactae

321 4026 523 4091 Enumerare
538 4044 657 4113 queam
675 4046 800 4110 mores,
819 4034 1016 4116 gentemque
1033 4020 1218 4115 profanam.
