2812 5258
313 467 366 506 ιω
596 430 599 435 ’
652 451 682 503 r.
703 446 824 502 runnu
844 446 965 501 sraru

309 596 451 667 possum.
470 573 650 640 Maximum
665 571 801 638 lunium
818 568 986 662 dignitatis
1006 581 1038 634 et
1059 564 1252 659 eloquentiae
1274 592 1337 634 no·

308 691 397 759 mine
416 713 436 757 a
458 691 551 758 nobis
569 687 679 782 diligi,
698 689 775 756 satis
794 711 884 754 eram
903 699 1037 753 testatus
1058 682 1213 777 epistola,
1235 710 1337 778 quam

308 808 350 877 ad
377 806 471 875 illum
497 807 538 874 de
568 806 711 874 editione
738 803 922 873 Thebaidos
954 827 1033 870 meae
1062 801 1248 894 publicavi3
1278 804 1337 871 sed

308 950 395 993 nunc
420 948 550 1017 quoque
575 948 651 991 eum
678 922 799 989 reverti
823 920 983 988 maturius
1006 943 1024 985 e
1049 918 1216 987 Dalmatia
1241 946 1336 1015 rogo.

306 1047 425 1111 Juncta
444 1056 491 1110 est
512 1039 635 1134 Ecloga
656 1038 699 1106 ad
719 1038 918 1131 municipem
940 1061 1050 1105 meum
1071 1027 1194 1104 lulium
1216 1041 1337 1107 Mene·

305 1175 447 1248 cratem,
468 1158 675 1252 splendidum
694 1150 869 1250 junonem,
895 1169 927 1223 et
948 1152 1044 1222 Pollii
1070 1156 1134 1221 mei
1158 1179 1338 1247 gencrum3

305 1281 358 1347 cui
385 1275 533 1372 gratulor
559 1275 649 1369 quod
674 1272 849 1367 Neapolim
877 1288 1022 1341 nostram
1047 1296 1185 1339 numero
1213 1270 1336 1343 libero·

305 1421 380 1464 rum
404 1396 635 1464 honestaverit.
662 1392 770 1462 Plotio
797 1392 954 1485 Grypho,
981 1392 1114 1483 majoris
1137 1389 1258 1483 gradus
1279 1395 1336 1486 ju·

306 1516 400 1601 veni,
423 1514 554 1608 dignius
573 1510 767 1607 opusculum
790 1510 952 1578 reddam:
973 1509 1028 1577 sed
1050 1510 1181 1577 interim
1201 1512 1336 1581 Hende·

305 1630 499 1724 casyllabos,
512 1655 593 1724 quos
606 1627 833 1698 Saturnalibus
847 1653 913 1696 uua
925 1630 1071 1715 risimus,
1084 1627 1162 1696 huic
1175 1627 1337 1699 volumini

307 1751 439 1819 inserui.

354 1869 468 1957 Quare
485 1892 563 1962 ergo
580 1866 675 1961 plura
691 1869 726 1935 in
744 1883 862 1960 quarto
878 1867 1058 1955 Silvarum,
1078 1894 1177 1963 quam
1194 1870 1228 1937 in
1247 1871 1337 1962 prio-

306 1985 417 2055 ribus?
432 1989 485 2057 Ne
500 2012 534 2054 se
550 2000 667 2080 putent
683 1984 808 2080 aliquid
823 1989 944 2081 egisse,
960 1990 1017 2082 qui
1033 1987 1337 2082 reprehenderunt,

306 2118 344 2173 ut
372 2104 489 2193 audio,
515 2104 605 2196 quod
632 2106 695 2174 hoc
727 2104 793 2174 stili
822 2132 926 2200 genus
953 2107 1134 2176 edidissem.
1164 2108 1336 2196 Primum,

306 2247 543 2317 supervacuum
560 2238 608 2293 est
623 2223 810 2293 dissuadere
824 2250 895 2293 rem
914 2226 1031 2293 factam
1049 2252 1057 2293 :
1079 2225 1216 2312 deinde,
1231 2225 1338 2295 multa

306 2365 346 2408 ex
358 2340 422 2409 illis
431 2344 501 2434 jam
515 2344 659 2410 Domino
675 2345 796 2411 Caesari
810 2341 980 2427 dederam3
998 2357 1031 2411 et
1043 2358 1168 2437 quanto
1183 2345 1248 2414 hoc
1261 2342 1346 2440 plus‘

306 2471 373 2545 est,
399 2481 499 2550 quam
523 2456 643 2525 edere?
668 2463 826 2527 Exeruere
847 2473 956 2527 autem
977 2462 1069 2552 jocos
1093 2487 1161 2531 non
1186 2461 1287 2532 licet?
1308 2465 1336 2533 si

307 2589 448 2661 secreto;
474 2575 590 2667 inquit.
617 2573 739 2645 sedet
768 2576 1039 2669 sphaeromachias
1068 2595 1275 2674 spectamus,
1304 2596 1337 2651 et

307 2693 419 2788 piloris
443 2691 527 2762 lusio
554 2694 738 2763 admittitur
762 2720 770 2763 :
793 2697 988 2784 novissime,
1017 2699 1164 2793 quisquis
1189 2725 1228 2769 ex
1255 2700 1336 2771 meis

308 2815 439 2882 invidus
464 2813 588 2907 aliquid
613 2812 710 2908 legit,
738 2817 847 2884 statim
871 2841 905 2885 se
929 2816 1100 2910 profitetur
1123 2817 1331 2889 adversum:

309 2932 418 3024 itaque
441 2931 578 3001 consilio
604 2934 673 3026 ejus
697 2934 877 3003 accedam?
900 2939 940 3004 In
961 2961 1106 3021 summa,
1128 2908 1250 3032 nempe
1278 2963 1338 3034 ego

110 3121 113 3129 ,
208 3098 210 3102 >
308 3071 382 3117 sum
401 3049 458 3141 qui
479 3048 633 3120 traducor
652 3077 660 3120 :
681 3066 805 3140 taceat,
826 3068 859 3122 et
878 3054 1026 3148 gaudeat.
1044 3051 1144 3124 Hunc
1163 3068 1279 3125 tamen
1297 3055 1340 3127 li·

309 3165 407 3235 brum
423 3181 478 3256 tu,
493 3169 666 3259 Marcelle,
684 3169 850 3242 defendes.
867 3177 926 3262 Et,
941 3175 968 3244 si
984 3175 1132 3262 videtur,
1149 3175 1314 3247 hacteuus
1331 3202 1340 3245 ε

309 3282 361 3351 sin
374 3285 502 3370 minue,
519 3289 806 3381 reprehendemur.
