2812 5258
109 452 142 507 (v.
155 450 224 511 isi.)
417 445 628 503 THEBAIDOS
648 448 757 503 LIBER
779 447 827 502 lv.

110 576 330 661 Unanirnum‚
347 572 403 642 hic
420 570 533 642 dulces
550 574 711 667 primaevae
729 572 880 666 conjugis
898 595 1003 639 annos

108 695 269 787 Ingemit,
288 709 321 760 et
340 693 467 787 gremio
486 694 622 762 miseros
641 717 828 762 accrescere
843 705 949 760 natos.

106 813 253 884 Bellator
272 811 356 881 nulli
375 812 480 883 caluit
498 816 589 883 Deus
608 840 616 881 :
639 815 710 907 ipsa
731 828 861 883 vetusto

106 935 233 1004 Moenia
250 932 333 1002 lassa
350 936 432 1018 situ,
453 957 645 1028 magnaeque
662 935 860 1028 Amphionis
876 958 983 1022 arces,

106 1058 180 1123 Jarn
199 1053 321 1122 sessum
342 1056 434 1123 senio
452 1053 580 1123 nudant
597 1051 702 1141 latus,
721 1069 755 1122 et
775 1055 839 1122 fide
855 1080 949 1125 sacra

107 1177 268 1268 AEquatos
290 1173 390 1261 coelo,
409 1174 566 1258 surdum,
587 1188 686 1267 atque
709 1174 870 1266 ignobile,
890 1199 1003 1244 muros

107 1297 232 1363 Firmat
250 1320 335 1389 opus
356 1321 364 1362 :
384 1309 497 1362 tamen
517 1308 552 1361 et
569 1295 694 1362 Boeotis
711 1293 851 1363 urbibus
869 1293 969 1364 ultrix

106 1413 264 1508 Adspirat
282 1414 360 1483 ferri
381 1413 504 1500 rabies,
525 1437 588 1481 nec
608 1413 694 1508 regis
715 1413 822 1507 iniqui

105 1533 278 1619 Subsidio,
297 1549 459 1628 quantum
477 1534 565 1603 socia
580 1549 755 1629 progente
771 1551 958 1605 moventur.

157 1654 217 1724 Ille
237 1654 329 1725 velut
351 1657 480 1750 pecoris
502 1654 600 1749 lupus
619 1670 829 1751 expugnator
845 1656 963 1750 opimi,

104 1779 245 1846 Pectora
263 1777 390 1845 tabenti
412 1775 502 1843 sanic
526 1776 654 1868 gravis,
672 1776 827 1870 hirtaque
848 1770 924 1846 setis

106 1899 179 1966 Ora
197 1910 372 1965 cruentata
390 1894 545 1963 deformis
560 1893 687 1962 hiantia
705 1893 797 1984 lana,

107 2015 248 2084 Dccedit
267 2012 423 2101 stabulis,
442 2014 526 2100 huc,
544 2011 623 2082 illuc
641 2014 774 2082 turbida
795 2041 926 2084 versans

106 2136 270 2221 Lumina,
292 2135 319 2203 si
337 2133 412 2203 duri
434 2148 605 2228 comperta
624 2131 718 2202 clade
735 2149 916 2228 sequantur

106 2260 274 2343 Pastores,
293 2255 475 2351 magnique
491 2254 577 2349 fugit
594 2279 663 2322 non
680 2256 805 2325 inscius
823 2257 903 2325 ausi.

154 2374 353 2447 Accumulat
371 2374 504 2444 crebros
525 2375 690 2444 turbatrix
711 2375 799 2446 fama
815 2401 964 2471 pavores.

106 2500 169 2568 Hic
182 2497 251 2591 jam
268 2495 434 2589 dispersos
451 2518 561 2564 errare
577 2495 722 2592 Asopide
739 2498 811 2593 ripa

106 2619 262 2687 Iernaeos
281 2618 435 2710 equites:
456 2615 512 2685 hic
529 2632 577 2706 te,
594 2617 753 2687 bacchate
771 2619 958 2707 Cithaeron,

106 2738 167 2811 llle
186 2742 259 2835 rapi
276 2739 501 2824 Theumeson,
522 2742 584 2825 ait,
604 2741 780 2832 noctisque
800 2764 862 2832 per
880 2740 1017 2809 umbras

107 2869 249 2939 Nuntiat
266 2867 412 2935 excubiis
431 2865 547 2962 vigiles
561 2867 678 2934 arsisse
689 2862 834 2933 Plataeas.

108 2988 196 3055 Nam
209 2987 326 3079 Tyrios
336 2986 470 3055 sudasse
485 2986 583 3071 lares,
595 2984 797 3078 etsanguine
813 2984 937 3051 Dircen

108 3107 292 3200 Irriguam,
314 3106 475 3199 loetusque
487 3129 610 3191 novos,
624 3105 809 3195 iterumque
824 3101 968 3169 locutam

109 3226 256 3321 Sphinga
267 3227 369 3319 petris
381 3277 391 3312 ‚
403 3226 457 3295 cui
470 3249 537 3294 non
552 3239 586 3292 et
595 3224 681 3293 scire
695 3220 830 3290 licentia
842 3221 979 3314 passim,

109 3350 151 3416 Et
169 3345 288 3414 vidisse
300 3344 389 3413 fuit?
409 3346 524 3414 Novus
533 3344 584 3412 his
596 3365 696 3436 super
713 3339 812 3409 anxia
824 3339 935 3408 turbat

108 3465 219 3534 Corda
240 3481 373 3534 metus:
390 3463 510 3559 sparsis
528 3463 638 3531 subito
654 3476 807 3555 correpta
826 3458 952 3555 capillis

107 3581 272 3653 Silvestris
296 3587 410 3678 regina
423 3583 517 3652 chori
530 3583 677 3651 decurrit
691 3583 725 3648 in
734 3605 864 3674 aequum

106 3705 242 3772 Vertice
252 3704 294 3772 ab
308 3705 452 3799 Ogygio,
464 3700 675 3795 trifidamque
688 3700 753 3770 huc
765 3702 878 3783 tristis,
894 3699 985 3787 illuc,

106 3823 252 3891 Lumine
265 3826 446 3917 sanguineo
465 3824 580 3917 pinum
591 3821 743 3915 dejectat,
764 3835 796 3888 et
808 3820 923 3888 ardens

106 3944 261 4011 Erectam
279 3944 424 4010 attonitis
445 3941 560 4036 implet
584 3939 783 4010 clamoribus
804 3940 944 4008 urbem:

157 4088 175 4125 α
189 4061 412 4154 Omnipotens
424 4060 540 4153 Nysaee
555 4075 668 4154 pater,
688 4059 740 4125 cui
757 4059 865 4151 gentis
875 4060 972 4126 avita
