2812 5258
284 439 286 443 η
316 502 369 541 toa
662 481 692 533 r.
715 476 837 531 runnu
858 475 979 530 sanan
1240 470 1273 532 (v.
1288 476 1339 533 ις.)

312 610 428 678 Mense
446 629 518 672 meo
540 617 594 670 tua
610 605 715 670 Roma
731 600 841 691 cupit3
861 599 906 665 sic
923 611 1072 688 tempora
1092 594 1201 678 nasei,

313 726 368 795 sic
386 747 490 791 annos
509 723 631 789 intrare
647 718 740 785 decet
759 744 767 784 ε
789 716 831 784 da
849 714 967 809 gaudia
985 714 1074 782 fastis

314 843 498 925 Continua3
515 841 575 907 hos
595 838 750 904 humeros
770 834 875 902 multo
893 836 983 902 sinus
1002 832 1125 899 ambiat
1144 844 1252 917 ostro,

312 965 355 1031 Et
373 971 547 1053 properata
564 970 628 1023 tuae
647 954 798 1022 manibus
818 966 974 1045 praetexta
992 951 1161 1018 Minervas.

311 1077 437 1169 Aspicis
458 1089 495 1142 ut
513 1072 642 1166 templis
662 1071 744 1139 alius
764 1072 867 1158 nitor,
887 1069 984 1138 altior
1000 1069 1063 1136 aris

311 1196 419 1288 Ignis,
438 1208 470 1261 et
489 1194 558 1285 ipsa
573 1216 653 1259 meae
671 1204 803 1283 tepeant
820 1190 880 1256 tibi
898 1186 1003 1255 sidera
1021 1187 1155 1254 brumae.

312 1313 461 1379 Moribus
479 1325 577 1404 atque
597 1310 661 1376 tuis
677 1306 821 1400 gaudent
840 1321 1039 1398 turmaeque,
1058 1304 1247 1397 tribusque,

313 1430 539 1521 Purpureique
557 1430 688 1512 Patres3
707 1424 877 1517 lucemque
894 1449 914 1491 a
932 1422 1065 1492 consule
1085 1421 1175 1489 ducit

314 1548 432 1616 Omnis
450 1547 564 1614 honos.
584 1543 677 1634 Quid
698 1542 780 1629 tale,
800 1567 931 1636 precor,
948 1542 1039 1634 prior
1057 1563 1162 1608 annus
1178 1539 1344 1608 habebat?

313 1666 377 1733 Dic
396 1688 473 1756 age,
494 1668 599 1733 Roma
619 1677 754 1754 potens,
774 1675 807 1729 et
826 1684 977 1746 mecum,
998 1657 1095 1750 longa
1114 1662 1289 1746 vetustas,

313 1782 496 1849 Dinumera
515 1781 632 1866 fastos3
652 1804 712 1847 nec
731 1803 832 1872 parva
851 1776 1000 1871 exempla
1017 1801 1167 1865 recense,

315 1897 378 1966 Sed
392 1923 464 1991 quae
478 1896 547 1966 sola
565 1922 656 1966 meus
675 1897 828 1990 dignetur
846 1897 976 1965 vincere
995 1901 1112 1968 Caesar.

365 2047 382 2082 a
394 2021 458 2086 Ter
477 2017 572 2086 Latio
591 2014 761 2109 deciesque
780 2015 875 2100 tulit,
894 2015 1077 2086 labentibus
1093 2018 1209 2105 annis,

317 2141 482 2230 Augustus
501 2136 619 2222 fasces;
637 2134 695 2204 sed
713 2136 812 2230 ooepit
830 2159 904 2205 sero
920 2136 1038 2205 mereri
1057 2160 1066 2203 ε

315 2256 366 2322 Tu
382 2256 512 2346 juvenis
530 2279 723 2348 praegressus
741 2279 830 2325 avos.
849 2250 919 2324 En!
938 2267 1061 2347 quanta
1078 2276 1229 2342 recusas,

315 2373 449 2461 Quanta
464 2368 569 2439 vetas!
589 2370 717 2439 flectere
733 2387 861 2456 tamen3
880 2372 1096 2465 precibusque
1114 2385 1248 2446 senatus

315 2489 486 2556 Permittes
505 2487 590 2555 hanc
608 2512 692 2581 saepe
711 2487 797 2555 diem
815 2503 949 2557 :manet
967 2491 1102 2584 insuper
1117 2489 1201 2561 ordo

316 2607 477 2698 Longior,
495 2620 528 2674 et
547 2603 681 2674 totidem
697 2602 774 2673 felix
791 2606 850 2673 tibi
868 2610 974 2676 Roma
990 2607 1118 2677 curules

315 2728 444 2816 Terque
463 2738 641 2817 quaterque
659 2723 775 2791 dabit:
797 2749 926 2793 mecum
943 2725 1045 2795 altera
1064 2725 1182 2797 meula
1199 2726 1326 2797 condes

208 2902 211 2909 .
316 2846 358 2911 Et
375 2843 435 2910 tibi
452 2840 590 2935 longaevi
611 2842 816 2912 rerocnbitur
833 2867 891 2911 ara
910 2846 1054 2913 Terenti.

316 2957 409 3027 Mille
428 2960 572 3051 trophea
589 2960 692 3046 feres3
711 2976 840 3030 tantum
860 2965 1011 3056 permitte
1027 2960 1222 3056 triumphos.

316 3080 429 3174 Restat
447 3081 564 3146 Bactra
583 3078 694 3164 novis,
715 3093 815 3149 restat
831 3080 998 3174 Babylona
1017 3082 1147 3150 tributis

316 3193 450 3262 Frenari
470 3220 479 3262 t
498 3194 646 3266 nondum
665 3197 700 3264 in
719 3198 843 3291 gremio
860 3200 950 3269 Jovis
965 3197 1079 3267 Indica
1095 3196 1229 3283 laurus,

316 3309 1349 3408 NondumArabes,Seresquerogant;nondumomnishonorcm

316 3433 431 3499 Annus
450 3433 569 3520 habet,
592 3435 794 3529 cupiuntque
815 3435 925 3504 decem
944 3446 1001 3502 tua
1020 3435 1154 3503 nomina
1174 3457 1351 3505 menses.»

363 3550 416 3617 Sic
434 3552 553 3639 Janus,
574 3551 750 3647 clausoque
767 3551 871 3623 libens
890 3575 923 3621 so
941 3567 1035 3645 poste
1053 3552 1187 3647 recepit.

195 3666 198 3672 ’
316 3669 409 3735 Tunc
426 3692 538 3738 omnes
557 3685 690 3762 patuere
707 3672 811 3760 fores,
829 3670 964 3764 laetoque
981 3670 1142 3741 dederunt

317 3784 414 3876 Signa
433 3785 527 3878 polo;
547 3786 743 3884 longamque
759 3789 836 3875 tibi,
855 3812 914 3859 rex
931 3814 1067 3885 magne,
1085 3793 1262 3884 juventam

316 3906 457 3992 Annuit,
475 3920 574 3999 atque
592 3934 667 3978 suos
683 3910 833 4003 promisit
850 3912 1002 4003 Juppiter
1014 3933 1127 3980 annos.
