2812 5258
437 427 476 481 ΙΝ
497 428 526 480 P.
549 428 577 481 P.
600 424 726 480 S‘rffll
744 426 893 480 ACHILL.
918 426 987 483 LlB.
1009 429 1045 482 ll.
1203 429 1259 485 355

266 543 404 597 Etadbuc
419 543 600 597 crescentibus
614 542 696 595 annis
709 536 746 615 (v.
763 537 841 615 382).
857 541 932 615 Ergo
947 562 1037 616 usque
1052 543 1088 599 ad
1104 544 1260 616 juvenilem

227 633 357 689 atatem?
378 645 405 689 et
423 633 525 689 dehac
544 652 574 688 re
591 635 671 686 dicor
683 629 741 686 ait?
758 633 877 703 Repone
898 637 1094 707 «reptantibus
1112 637 1192 692 annis
1204 661 1215 683 n
1225 656 1262 695 ex

227 728 296 800 Reg.
312 746 323 781 1
337 747 343 780 :
358 725 440 799 quod
449 726 507 798 jam
524 728 663 781 Gruterus
676 723 822 778 invenerat
835 741 871 778 ex
887 725 1025 798 scriptura
1039 726 1161 784 duorum
1180 729 1259 785 MSS.

227 827 256 871 et
277 818 430 873 scholiasta
450 838 456 871 ε
479 817 652 872 restantibus.
672 818 707 870 V.
728 817 824 870 Gnon.
843 845 882 856 —
901 817 981 885 Post,
1002 838 1028 872 v.
1046 819 1117 890 384,
1133 823 1204 895 ch.
1223 839 1234 874 ι
1253 841 1260 875 :

227 934 240 958 s
250 910 317 965 Non
334 914 405 966 ullos
419 929 452 966 ex
471 928 550 964 more
565 910 640 963 cibos
654 908 814 961 hausisse.»

266 1002 368 1056 Libens
382 1003 502 1056 traxisse
516 998 554 1076 (v.
574 999 651 1074 386).
666 1000 715 1053 PR
729 1008 757 1053 et
775 997 822 1053 alii
838 1017 845 1051 ε
860 1024 871 1048 α
888 1001 964 1074 lupoe
977 1003 1100 1058 traxisse.

265 1096 324 1149 Nec
337 1094 423 1164 fleca
442 1094 527 1147 cubili
548 1089 587 1168 (v.
603 1088 681 1170 394).
697 1089 788 1146 Codd.
804 1091 887 1146 Lind.
902 1103 930 1147 et
944 1095 1065 1165 Barthii,
1086 1105 1118 1150 ut
1134 1095 1261 1165 videtur,

228 1204 338 1255 omues,
353 1205 377 1240 c.
392 1188 462 1257 Reg.
481 1203 496 1237 ι
511 1182 620 1254 :fluxa

264 1279 306 1333 Et
318 1276 462 1350 Lapithas
475 1275 592 1349 cogebat
605 1293 674 1349 equo
688 1271 726 1349 (v.
743 1272 820 1350 398).
835 1275 923 1330 Recte
942 1276 1071 1333 Barthius
1083 1299 1089 1333 :
1102 1303 1113 1328 κ
1128 1281 1263 1355 Lapithas

226 1388 301 1443 equo
315 1377 498 1443 prevertere,
517 1367 618 1441 quanti
630 1366 759 1422 miraculi
778 1367 843 1422 res?
855 1392 867 1416 ιι
882 1373 967 1437 nedae
980 1379 1041 1430 ὠκὺν
1056 1371 1143 1444 igitur
1156 1384 1188 1429 ut
1202 1393 1263 1430 ser-

225 1471 319 1530 varet,
340 1460 468 1534 reposuit
486 1484 498 1508 n
509 1458 692 1531 Lapithae...
715 1477 831 1533 equos.»
850 1466 943 1535 Atque
965 1462 1021 1517 hoc
1039 1462 1189 1519 confirmat
1202 1467 1263 1522 ue-

225 1553 264 1628 gii
282 1572 293 1608 ι
312 1570 472 1608 consensus.
494 1550 585 1605 Etiam
599 1552 709 1606 Cruceo
726 1550 772 1605 hic
793 1569 891 1606 verum
907 1563 1023 1626 tangere
1039 1554 1167 1630 contigit.

271 1648 307 1700 In
320 1665 373 1701 sua
385 1648 460 1701 colla
474 1645 586 1700 levabat
602 1641 639 1719 (v.
655 1641 816 1719 402).1teg.
837 1663 848 1698 ι
867 1664 874 1698 :
891 1657 981 1720 terga.
994 1646 1072 1702 Idem
1086 1666 1112 1702 v.
1130 1650 1263 1718 iopila-

226 1758 303 1805 mas,
324 1749 352 1794 et
374 1739 447 1806 4ο8,
461 1741 570 1808 lyncem
587 1742 660 1810 409,
677 1755 776 1791 ursos:
790 1737 839 1792 sed
855 1739 1015 1794 catulorum
1035 1750 1138 1795 matres
1157 1741 1264 1797 intelli·

227 1841 333 1905 guntur
351 1840 384 1885 ut
397 1830 564 1885 rabidiores.

267 1926 328 1994 Quo
348 1924 454 1978 turbine
469 1933 585 1977 castum
607 1921 787 1977 Sauromates
803 1920 840 1996 (v.
857 1921 936 1999 4ι8).
952 1924 1061 1998 Scythae
1080 1924 1211 1980 caestum?
1224 1928 1264 1982 At

225 2016 364 2073 Gronorii
378 2026 407 2071 ct
426 2015 543 2071 Gruteri
556 2015 635 2071 Mss.
656 2035 662 2068 :
683 2027 813 2082 contum,
830 2015 911 2090 quod
930 2015 1013 2070 etiam
1029 2016 1219 2073 Maturantius
1235 2029 1264 2073 et

226 2107 404 2166 Britannicus
427 2111 563 2185 legerant.
586 2107 709 2182 Scaliger
730 2120 892 2166 correxerat
919 2122 1053 2176 cestrum,
1075 2126 1186 2188 χῆστρον,
1202 2111 1221 2168 ἰ.
1237 2131 1261 2167 e.

225 2201 364 2274 spiculum
386 2202 465 2275 quod
485 2199 576 2256 lunda
594 2200 746 2274 circumagi
773 2212 801 2257 et
826 2201 915 2257 emitti
934 2201 1057 2271 solebat,
1081 2201 1158 2258 unde
1176 2215 1264 2259 cereo

225 2293 390 2367 splendoua
409 2312 454 2366 ap.
473 2293 593 2349 Livium

262 2386 449 2460 Dutnugeret
468 2384 505 2460 (r.
530 2383 608 2461 lan).
623 2385 694 2460 Reg.
716 2405 728 2441 1
751 2405 763 2439 s
779 2387 970 2460 distingueret.
994 2388 1062 2442 Exc.
1078 2388 1163 2462 Burg.
1178 2407 1184 2442 :
1199 2389 1264 2442 dis-

220 2477 362 2552 jungeret.
377 2479 458 2545 Post,
473 2496 499 2530 ι.
520 2482 593 2545 424,
605 2476 652 2530 ille
667 2478 801 2549 ingentes.

263 2571 409 2625 Immr'ssos
432 2579 540 2623 curvato
561 2568 678 2621 umbone
694 2571 817 2623 rnolares
829 2565 866 2643 (v.
882 2567 961 2645 427).
982 2571 1052 2645 ch.
1071 2591 1083 2626 1
1103 2591 1110 2623 ε
1132 2583 1264 2626 «scutato

225 2662 358 2716 umbone.
368 2684 387 2717 a
397 2660 454 2717 Alii
468 2660 484 2714 3
500 2679 506 2711 :
526 2659 682 2712 immensos.

269 2752 521 2826 Vulsasquetrabes
535 2747 573 2825 (v.
589 2747 665 2824 43ι).
681 2751 751 2823 Reg.
776 2767 788 2803 1
806 2769 813 2803 ι
829 2748 999 2822 «vivasque.
1011 2773 1025 2799 n

267 2846 384 2902 Stabam
406 2846 548 2919 equidem,
568 2861 618 2897 nec
640 2860 685 2895 me
702 2840 740 2917 (v.
761 2838 837 2917 435).
857 2843 927 2915 neg.
947 2861 959 2896 1
980 2861 987 2896 :
1006 2844 1060 2897 sed
1077 2861 1139 2910 me,
1161 2860 1262 2902 com-

224 2951 301 2996 ctum
324 2958 340 2994 a
358 2940 481 3006 lectore,
505 2936 554 3008 qui
572 2934 776 2991 sententiarum
796 2945 925 2990 tenorem
947 2952 1007 2990 non
1029 2945 1152 3008 caperet.
1167 2938 1258 2994 Nimis

223 3033 385 3106 periculoso
404 3028 538 3085 Centauri
551 3027 628 3099 jusso
642 3028 822 3100 obtemperat
831 3038 860 3082 et
873 3028 975 3082 cedere
988 3047 1048 3083 non
1061 3031 1123 3084 vult
1136 3047 1195 3102 prae
1204 3049 1262 3104 pu-

224 3125 309 3193 dore,
330 3141 416 3197 quem
429 3121 536 3175 Chiron
557 3119 582 3174 ei
599 3119 691 3174 statim
707 3120 871 3192 exprobrat.
888 3122 964 3176 Male
981 3120 1124 3177 etiamen
1142 3140 1169 3176 v.
1189 3142 1231 3196 sq.
1253 3143 1260 3177 ε

224 3216 418 3290 calrilosugoe.
434 3215 483 3269 Est
496 3213 542 3267 via
556 3211 663 3267 incerta
677 3211 706 3265 in
726 3210 816 3266 iundo
836 3210 916 3266 fluvii
935 3213 1114 3268 exundantis.

264 3310 379 3363 Nodarc
391 3309 482 3362 Palea
498 3302 535 3380 (v.
548 3300 625 3379 44ι).
643 3303 770 3359 Nexibus
783 3314 811 3358 et
825 3304 998 3377 implicando
1012 3305 1112 3360 iacere.
1127 3305 1161 3358 V.
1177 3307 1260 3362 Guo-
1346 3346 1353 3359 .

223 3419 289 3457 nov.
308 3401 354 3456 cit.
369 3402 410 3454 ad
427 3400 491 3454 Sila.
513 3416 566 3464 ιιι,
583 3416 608 3465 ι,
627 3393 690 3464 157.

263 3495 297 3546 V.
319 3491 384 3559 453.
409 3491 497 3562 Quod
509 3500 594 3563 poeta
611 3488 657 3542 hic
679 3485 760 3542 linire
786 3489 908 3546 voluisse
927 3489 1052 3544 creditus
1069 3499 1123 3557 est,
1138 3489 1168 3544 in
1181 3491 1260 3547 MSS.

222 3586 317 3641 nescio
336 3585 441 3660 quibus
461 3584 519 3639 sine
533 3581 663 3649 nomine,
678 3582 744 3636 fort.
761 3581 841 3640 editt.
865 3593 975 3639 tantum
990 3581 1124 3652 veterib,
1145 3583 1261 3640 additur

222 3695 320 3734 verbus
338 3697 344 3730 :

327 3853 391 3898 Aura
406 3848 473 3903 aileu
489 3848 576 3914 puppis
589 3864 687 3898 currens
696 3848 726 3897 ad
741 3849 812 3899 litora
827 3850 899 3900 venit.

638 4063 848 4083 *²
