2812 5258
92 467 205 530 (utto.)
419 461 609 516 SILVARUM
629 461 736 515 LIBER
757 461 790 515 V.
1064 464 1116 536 139

92 588 152 658 Illa
172 587 321 674 domum,
344 600 438 653 torvo
456 608 555 677 quam
575 608 642 651 non
662 583 730 651 haec
750 582 873 651 lumine
896 585 975 679 figat

93 710 270 790 Protenus,
291 719 323 772 et
341 727 425 773 saeva
444 703 614 796 perturbet
634 702 752 796 gaudia
771 701 906 771 dextra?

138 823 315 894 Florebant
329 821 448 891 hilares
461 823 711 913 inconcussique
725 836 873 914 penates,

91 943 147 1015 Nil
167 959 318 1012 moestum
341 967 349 1010 :
369 940 449 1035 quid
466 943 572 1025 enim,
592 941 740 1034 quamvis
758 941 857 1009 infida
874 938 1034 1035 levisque,

91 1067 215 1133 Caesare
234 1076 301 1130 tam
321 1061 453 1146 dextro,
472 1074 598 1153 posset,
618 1062 779 1145 Fortuna,
800 1060 924 1129 timeri?

88 1185 247 1249 Invenere
263 1181 350 1247 viam
365 1176 498 1247 liventia
513 1182 607 1265 Fata,
625 1179 781 1271 piumque

88 1300 231 1368 Intravit
246 1301 295 1368 vis
312 1323 394 1368 saeva
411 1297 510 1366 larem
528 1323 536 1366 :
553 1299 600 1366 sic
615 1296 712 1391 plena
728 1297 872 1393 maligno

90 1419 253 1489 Afflantur
268 1420 377 1487 vineta
394 1420 498 1506 Not03
516 1419 562 1486 sic
579 1417 646 1486 alta
661 1420 800 1487 senescit

89 1539 198 1607 Imbre
213 1563 303 1634 seges
318 1540 436 1626 nimio;
453 1537 574 1630 rapidae
590 1540 636 1606 sic
650 1538 746 1606 obvia
762 1537 865 1631 puppi

88 1657 231 1745 Invidet,
244 1672 276 1726 et
292 1657 369 1727 velis
385 1655 557 1726 adnubilat
572 1680 652 1725 aura
668 1656 827 1726 secundis.

135 1779 291 1870 Carpitur
307 1778 462 1845 eximium
484 1775 552 1845 fato
570 1774 717 1846 Priscilla
737 1775 887 1845 decorem
905 1798 914 1843 ε

88 1893 239 1984 Qualiter
254 1892 320 1961 alta
334 1918 462 1962 comam
478 1893 633 1962 silvarum
650 1894 752 1988 gloria
768 1897 866 1989 pinus

89 2016 155 2081 Seu
172 2012 261 2079 Jovis
282 2012 356 2102 igne
375 2009 479 2094 malo,
495 2035 550 2079 seu
564 2013 633 2104 jam
649 2010 756 2082 radice
772 2013 896 2096 soluta,

88 2130 223 2215 Deficit,
241 2145 274 2198 et
291 2128 372 2197 nulli
389 2127 526 2221 spoliata
546 2146 767 2199 remurmurat
781 2155 876 2199 aurae.

87 2249 178 2338 Quid
200 2249 362 2341 probitas,
382 2262 441 2315 aut
460 2262 547 2316 casta
568 2248 666 2336 fides,
685 2249 765 2342 quid
784 2250 921 2318 numina
941 2262 1079 2342 prosunt

90 2366 188 2437 Culta
209 2367 336 2436 Deum?
354 2366 457 2436 lurvae
476 2367 626 2436 miseram
646 2370 770 2436 circum
791 2368 935 2461 undique
955 2367 1009 2436 leti

89 2486 258 2557 Vallavere
272 2487 374 2582 plagae
392 2512 401 2554 τ
418 2501 596 2556 tenuantur
612 2488 692 2557 dura
708 2513 856 2559 sororum

87 2608 191 2693 Licia,
207 2621 240 2674 et
254 2607 357 2675 exacti
372 2621 517 2700 superest
535 2631 610 2699 pars
625 2606 739 2675 ultima
756 2605 812 2675 fili.
896 2605 903 2617 ⁶

90 2723 142 2794 Nil
158 2722 271 2792 famuli
287 2740 405 2812 coetus,
422 2723 470 2793 nil
486 2750 538 2793 ars
553 2750 690 2819 operosa
704 2727 893 2794 medentum

88 2843 248 2914 Auxiliata
267 2843 360 2913 malis
378 2871 386 2911 ε
403 2846 538 2914 comites
554 2859 664 2929 tamen
681 2846 825 2938 undique
844 2844 920 2914 ficto

87 2966 185 3056 Spem
200 2961 356 3031 simulant
371 2963 465 3032 vultu
481 2991 488 3031 ε
504 2963 635 3032 flentem
654 2978 745 3032 notat
764 2963 820 3031 illa
835 2965 998 3032 maritum.

87 3080 147 3150 Ille
165 3081 264 3151 modo
282 3082 415 3151 inlernae
432 3084 648 3175 nequicquam
668 3083 803 3152 flumina
819 3083 939 3152 Lethes

84 3204 277 3294 incorrupta
298 3218 418 3298 rogat:
437 3203 659 3271 nuncanxius
679 3203 830 3272 omnibus
850 3203 914 3270 aris

84 3318 284 3413 lllacrymat,
299 3323 470 3416 signatque
487 3320 588 3407 fores,
604 3335 638 3389 et
654 3335 787 3414 pectore
803 3335 907 3416 terget

85 3440 230 3523 Limina3
249 3461 337 3507 nunc
355 3442 465 3533 magni
485 3455 580 3508 vocat
599 3438 763 3508 exorabile
783 3463 905 3508 numen

85 3556 228 3623 Caesaris.
248 3559 319 3625 Heu
340 3556 442 3627 durus
462 3559 520 3628 lati
540 3555 652 3628 tenor!
673 3574 764 3628 estne
781 3559 870 3652 quod
892 3558 937 3627 illi

84 3673 160 3742 Non
179 3672 290 3742 liceat?
306 3689 435 3766 quamae
454 3693 606 3770 poterant
624 3677 815 3748 mortalibus
832 3680 927 3747 annis

84 3791 262 3860 Accessisse
278 3815 392 3879 morae,
410 3795 437 3860 si
454 3808 505 3882 tu,
523 3812 632 3889 pater,
651 3823 749 3866 omne
766 3814 893 3867 teneres

81 3909 283 3979 Arbitrium?
303 3934 388 3978 caeco
404 3929 545 4005 gemeret
560 3919 653 3985 Mors
668 3914 778 3986 clausa
793 3916 965 3998 barathro,

82 4030 227 4123 longius
243 4044 276 4098 et
291 4054 400 4098 vacuoe
416 4032 598 4125 posuissent
613 4037 752 4103 stamina
767 4039 885 4104 Parcae.
