2812 5258
96 435 212 501 (asts.)
421 435 636 492 rnnsmnos
660 435 769 492 nunt
789 437 825 492 x.
1090 435 1143 491 ‚as

97 565 213 631 Funus
229 559 309 630 ubi?
326 575 360 629 at
376 577 491 631 nostro
510 587 639 656 semper
658 561 720 630 sub
737 577 873 656 pectore
890 561 1022 656 Tydeus

99 683 199 751 saevit
218 685 315 776 inops
334 681 453 751 tumuli
473 709 480 751 :
500 685 652 777 quamvis
671 684 854 777 patientior
872 697 964 752 artus

97 801 177 886 Ille,
198 829 259 872 nec
280 803 430 898 abruptis
451 803 535 872 adeo
555 803 776 900 iacrymabilis
795 804 901 874 annis.

99 926 154 992 Ire
173 938 302 1008 tamen,
322 950 512 1018 saevumque
531 923 612 994 libet
630 924 724 994 nullo
740 925 858 994 ordine
878 926 1004 1018 passim-

100 1049 248 1116 Scrutari
267 1072 445 1142 campum,
463 1047 656 1141 mediasque
675 1048 860 1141 irrumpere
876 1045 1018 1115 Thebas.
1035 1074 1052 1108 n

98 1171 229 1263 Excipit
248 1194 324 1238 orsa
343 1172 471 1263 Dymas
492 1193 500 1236 t
522 1197 538 1232 α
556 1172 621 1237 Per
644 1193 707 1264 ego
730 1169 801 1238 haec
825 1193 908 1262 vaga
929 1167 1036 1245 sidera
1053 1166 1146 1259 juro,

97 1294 161 1359 Per
177 1290 272 1360 ducis
293 1303 443 1359 errantes
463 1289 570 1358 instar
587 1290 669 1358 mihi
687 1291 833 1358 numinis
854 1288 1007 1374 umbras,

97 1411 191 1481 Idem
212 1411 313 1480 ardor
332 1411 480 1480 misero:
503 1413 657 1481 comitem
676 1411 902 1504 circumspicit
920 1407 1000 1477 olim

98 1535 197 1601 Mens
215 1529 352 1601 humilis
369 1530 461 1601 luctu
482 1558 490 1600 :
510 1530 568 1601 sed
588 1557 678 1601 nunc
696 1535 789 1627 prior
805 1530 861 1599 ibo
880 1556 889 1599 :
909 1559 926 1594 n
943 1531 1098 1621 viamque

97 1654 257 1741 Inchoat,
277 1668 310 1723 et
327 1669 444 1723 moesto
464 1678 645 1723 conversus
661 1652 704 1722 ad
721 1653 843 1722 aethera
862 1649 956 1720 vultu

100 1776 155 1844 Sic
176 1776 248 1843 ait:
267 1805 284 1839 a
302 1778 443 1845 Arcanae
462 1774 666 1843 moderatrix
687 1775 834 1866 Cynthia
854 1774 976 1860 noctis,

100 1897 135 1966 si
155 1910 187 1964 te
205 1897 398 1991 tergeminis
419 1895 596 1988 perhibent
616 1896 747 1962 variare
767 1893 885 1987 figuris

99 2019 254 2103 Numen,
273 2031 307 2084 ct
325 2018 359 2084 in
378 2014 476 2084 silves
493 2013 560 2083 alio
573 2014 772 2083 descendere
790 2012 904 2101 vultu,

100 2137 161 2209 Ille
178 2162 289 2208 comes
311 2160 437 2231 nuper,
457 2160 699 2230 nemorumque
721 2137 859 2231 insignis
878 2132 1050 2221 alumnus,

99 2258 160 2327 Ille
182 2273 278 2344 tuus,
296 2259 421 2345 Diana,
441 2281 524 2352 puer
544 2255 653 2351 (nunc
670 2258 798 2351 respice
816 2254 953 2351 saltem)

100 2381 299 2470 Quaeritur:
320 2409 336 2443 s
357 2377 504 2448 incendit
524 2379 638 2472 pronis
659 2381 730 2447 Dea
749 2377 905 2447 curribus
925 2376 1050 2445 almum

100 2501 215 2588 Sidus,
237 2515 270 2570 et
288 2499 424 2569 admoto
444 2501 644 2568 monstravit
660 2499 776 2568 funera
794 2525 911 2569 cornu.

101 2625 273 2716 Apparent
288 2621 414 2716 campi,
434 2619 638 2711 Thebaeque,
658 2618 810 2712 altusque
829 2620 1011 2688 Cithaeron.

148 2744 204 2812 Sic
222 2741 280 2811 ubi
295 2757 499 2811 nocturnum
517 2740 644 2806 tonitru
658 2737 763 2807 malus
782 2738 904 2806 aethera
925 2738 1049 2833 frangit

101 2866 271 2960 Juppiter‚
288 2863 449 2933 absiliunt
469 2860 594 2947 nubes,
613 2872 646 2927 et
665 2858 795 2952 fulgure
813 2857 903 2927 claro

104 2990 200 3056 Astra
217 2998 348 3081 patent,
364 2985 560 3077 subitusque
579 2979 683 3050 oculis
698 2980 884 3050 ostenditur
900 2980 1001 3049 orbis.

102 3110 241 3202 Accepit
262 3105 393 3193 radios,
412 3120 446 3174 ct
466 3104 582 3174 eadem
601 3105 746 3198 percitus
763 3099 911 3196 Hopleus

101 3229 213 3324 Tydea
231 3227 306 3297 luce
322 3227 414 3295 videt
436 3252 444 3296 :
463 3225 563 3323 longe
580 3225 663 3295 dant
677 3226 770 3319 signa
787 3249 846 3318 per
865 3223 1000 3292 umbras

102 3353 223 3420 Mutua
242 3350 411 3436 laetantes,
428 3363 462 3418 et
481 3350 625 3417 amicum
644 3345 773 3441 pondus
796 3359 950 3439 uterque,

101 3475 173 3540 Ceu
193 3472 331 3542 reduces
351 3472 448 3559 vitae,
469 3494 619 3564 saevaque
637 3495 658 3538 a
678 3483 787 3538 morte
806 3469 979 3552 remissos,

103 3591 258 3683 subjecta
277 3594 407 3663 cervice
427 3591 540 3662 levant
560 3617 568 3660 τ
590 3616 651 3660 nec
671 3590 789 3678 verba,
808 3613 869 3658 nec
888 3589 961 3657 ausi

104 3709 201 3778 Flere
219 3710 276 3779 din
297 3738 304 3779 :
324 3738 428 3807 prope
447 3738 532 3783 soeva
552 3711 641 3798 dies,
661 3709 828 3804 indexque
849 3710 997 3779 minatur

104 3833 210 3901 Ortus
231 3858 238 3899 :
257 3847 337 3899 eunt
351 3835 442 3902 taciti
457 3859 516 3927 per
529 3848 646 3901 moesta
660 3830 791 3900 silentia
809 3831 937 3925 magnis

105 3954 279 4038 Passibus,
305 3952 546 4045 exhaustasque
563 3951 678 4021 dolent
696 3951 819 4044 pallere
839 3951 1001 4019 tenebras.

154 4074 273 4145 Invida
289 4073 356 4143 sata
379 4074 459 4167 piis,
477 4088 510 4141 et
526 4072 593 4142 sors
612 4072 803 4165 ingentibus
821 4072 909 4139 ausis
