2812 5258
306 477 363 514 aaa
602 455 815 511 Tnassaluos
836 457 947 510 LIBER
966 456 1014 509 xl.
1217 455 1250 515 (ν.
1266 455 1338 517 ⁵05.)

304 581 516 676 OEdipodes,
532 581 657 648 firmate
678 579 785 663 nefas,
801 604 868 647 non
886 580 1036 673 improba
1058 604 1155 671 posco

308 708 416 771 Vota:
434 703 530 795 piabo
549 724 686 785 manus,
705 714 738 766 et
753 698 870 767 codem
887 712 1022 792 pectora
1040 698 1129 765 ferro

306 821 516 905 Rescindam,
532 820 612 888 dum
629 845 682 888 me
699 821 841 888 moriens
857 820 911 886 lric
927 832 1056 912 sceptra
1072 834 1237 888 tenentem

303 943 464 1033 Linquat,
480 955 513 1009 et
532 941 621 1008 bunc
638 965 746 1008 secum
765 954 873 1032 portet
887 943 995 1007 minor
1010 942 1127 1007 umbra
1142 939 1301 1011 dolorem.
1318 975 1334 1007 a

302 1064 403 1128 Hasta
421 1060 509 1127 subit
529 1057 621 1128 velox
637 1060 756 1152 equitis
773 1059 879 1127 femur
896 1061 991 1142 inter,
1010 1062 1151 1151 equique

301 1178 381 1261 Ilia,
399 1179 501 1249 letum
519 1179 652 1273 utrique
669 1176 804 1266 volens:
823 1180 879 1247 sed
899 1179 995 1273 plaga
1015 1180 1153 1248 sedentis

302 1302 426 1368 Laxato
446 1302 547 1369 vitata
567 1326 672 1394 genu3
693 1315 800 1369 tamen
819 1302 912 1368 irrita
930 1302 997 1368 voti

301 1422 419 1512 Cuspis
439 1422 473 1488 in
489 1418 631 1512 obliquis
651 1420 776 1487 invenit
795 1418 930 1488 vulnera
950 1424 1058 1490 costis.

300 1542 332 1608 lt
350 1565 491 1634 praeceps
511 1541 642 1634 sonipes
660 1542 779 1608 stricta
797 1555 983 1609 contemtor
999 1542 1151 1626 habena,

302 1666 456 1753 Arvaque
471 1661 654 1751 sanguineo
671 1661 786 1729 scribit
804 1658 973 1730 rutilantia
990 1687 1080 1756 gyro.

300 1776 469 1864 Exsultat,
485 1778 594 1847 fratris
611 1777 748 1847 credens
765 1780 853 1848 hunc
872 1806 940 1849 esse
958 1807 1120 1852 cruorem.

301 1898 415 1968 Credit
436 1913 469 1967 et
488 1900 558 1992 ipse
576 1912 691 1968 metu:
711 1901 787 1968 totis
804 1901 937 1995 jamque
957 1902 1048 1971 exsul
1068 1904 1204 1971 habenis

300 2018 473 2112 Indulget,
491 2043 660 2112 carusque
678 2019 791 2088 avidos
809 2018 907 2090 illidit
927 2023 960 2089 in
980 2047 1104 2117 aegrnm

304 2139 522 2234 Cornipedem
542 2165 657 2210 cursus
674 2166 682 2208 :
698 2142 879 2210 miscentur
895 2141 1004 2228 frena,
1021 2169 1220 2238 manusque,

300 2258 461 2353 Telaque,
478 2274 512 2328 et
526 2260 568 2327 ad
584 2275 703 2329 terram
721 2261 860 2328 turbatis
878 2262 1042 2354 gressibus
1058 2265 1155 2332 ambo

302 2378 533 2471 Praecipitaut:
550 2394 588 2445 ut
603 2392 699 2445 nocte
716 2392 821 2456 rates,
840 2402 921 2469 quas
939 2379 1073 2448 nubilus
1088 2385 1207 2449 Auster

301 2497 486 2593 implicuit,
502 2496 660 2590 frangunt
676 2510 802 2584 tonsas,
820 2510 1014 2591 mutantque
1028 2498 1200 2586 rudentes,

302 2623 513 2709 Luctataeque
529 2617 586 2685 diu
602 2616 765 2704 tenebris,
780 2617 972 2711 byemiquc,
990 2618 1131 2710 sibique,

239 2754 244 2769 '
303 2741 395 2808 Sicut
414 2753 524 2819 erant,
539 2738 606 2806 imo
623 2739 747 2831 pariter
765 2739 878 2807 sedere
893 2737 1066 2832 profundo.

348 2865 424 2928 llaec
438 2883 558 2953 pugnae
575 2859 671 2927 sacies
686 2884 694 2927 :
712 2874 834 2928 coeunt
851 2861 921 2927 sinc
936 2883 1042 2943 more,
1063 2860 1133 2926 sine
1153 2873 1242 2943 arte,

299 2985 442 3049 Tantum
461 2980 598 3063 animis,
618 2979 745 3071 iraque,
763 2993 860 3070 atque
880 2979 1075 3070 ignescentia
1095 2994 1234 3047 cernunt

300 3103 364 3168 Per
381 3097 489 3193 galeas
506 3098 600 3183 odia,
620 3111 653 3165 et
670 3095 779 3165 vultus
795 3098 957 3164 rimantur
974 3097 1094 3164 acerbo

299 3222 462 3288 Lumine:
481 3217 527 3285 nil
546 3217 627 3286 adeo
645 3217 760 3284 mediae
776 3213 923 3299 telluris,
939 3231 973 3283 et
990 3242 1083 3285 enses
1131 3217 1133 3221 '

297 3338 470 3432 Impliciti,
486 3362 641 3430 nexaque
657 3359 788 3420 manus,
805 3333 996 3428 alternaque
1014 3339 1089 3404 saevi

298 3462 490 3535 Murmura,
506 3481 567 3525 ceu
581 3455 680 3524 lituos
697 3455 847 3548 rapiunt,
864 3470 921 3523 aut
938 3459 1029 3549 signa
1047 3456 1212 3525 tubarum.

297 3577 484 3646 Fulmineos
503 3574 603 3644 veluti
620 3598 763 3668 praeceps
782 3599 885 3667 quum
904 3577 1051 3643 cominus
1067 3578 1134 3670 egit

296 3702 348 3766 lra
366 3720 455 3781 sues,
474 3695 661 3787 strictisque
678 3696 782 3762 erexit
798 3710 929 3788 pectora
948 3697 1025 3764 setis
1043 3723 1050 3763 :

297 3819 378 3911 Igne
395 3829 542 3882 tremunt
560 3813 665 3903 oculi,
684 3813 863 3906 lunataque
880 3814 1032 3884 dentibus
1048 3819 1142 3884 rancis

298 3940 366 4006 Ora
385 3951 502 4003 sonant
520 3962 528 4002 ι
546 3951 670 4030 spectat
690 3960 818 4030 pugnas
835 3936 876 4002 ‹lc
895 3961 976 4030 rupe
993 3940 1179 4031 propinqua

297 4061 445 4126 Venator
462 4055 602 4150 pallens,
619 4056 819 4149 canibusque
836 4052 965 4125 silentia
982 4057 1105 4127 suadet.
