2812 5258
243 395 299 460 314
613 391 910 448 muorfflouus

242 527 307 564 cum
321 523 414 580 puero
428 523 511 562 causa
528 516 586 563 erat
600 523 697 574 amor;
710 506 920 581 legendumquc
936 508 1065 582 precipit
1083 528 1119 565 ex
1132 522 1195 584 opt.
1209 530 1283 569 sno:

242 627 255 652 ι
321 599 404 657 linxit
417 597 580 676 (Materiam
594 599 732 654 subdebat
743 599 844 675 amor.)
855 623 869 650 s

284 694 434 768 Poscitque
453 694 541 747 aluum
560 689 598 767 (v.
623 688 701 767 748).
722 694 815 747 Poeta·
833 693 1001 749 sententiam
1017 693 1141 770 attigisse
1160 696 1281 754 videtur

242 788 381 862 glossator
394 785 489 842 Barth.
503 783 644 858 explicans
663 803 670 837 :
688 785 754 838 «vel
771 784 875 853 duos„
889 804 992 859 nempe
1006 787 1094 843 ulium
1106 787 1284 863 insuper.-

241 879 307 952 Seq.
326 897 353 932 r.
370 879 424 932 ΜΒ
439 896 446 930 :
460 875 614 950 «languida
627 876 715 930 eorda
729 885 852 945 tument3
863 901 874 926 u
884 877 1004 935 alterum
1018 890 1113 935 tamen
1127 892 1206 938 recte
1225 882 1283 939 de-

241 969 320 1027 leudi
338 978 440 1044 potest.

287 1063 397 1118 Trineat
415 1059 453 1138 (v.
470 1058 549 1135 759).
567 1059 660 1116 codd.
680 1059 791 1135 aliquot
816 1081 823 1116 :
847 1063 981 1131 traceam,
1003 1064 1038 1120 de
1060 1083 1120 1139 quo
1140 1065 1175 1121 cf.
1199 1067 1282 1123 Bn-

242 1173 326 1210 saur.

283 1243 946 1323 Hesemnqsreremdop.764).«aue1endo
966 1257 1079 1303 costum
1097 1249 1214 1305 alterum
1232 1252 1281 1305 al-

240 1341 309 1412 teri,
328 1359 365 1396 nc
381 1348 523 1394 exstantes
537 1337 610 1393 clavi
627 1347 678 1392 aut
699 1338 770 1394 nodi
793 1349 842 1394 ant
864 1357 1002 1414 squamae,
1024 1341 1069 1396 rel
1092 1360 1280 1417 quaecumque

239 1433 354 1488 tandem
365 1428 530 1488 istiusmodi
544 1447 601 1500 res,
615 1447 698 1485 usum
713 1429 896 1486 brachiorum
911 1431 1057 1489 collisione
1069 1433 1167 1507 aliqua
1183 1433 1280 1508 impe-

238 1523 344 1581 dirent.
360 1548 372 1574 o
389 1525 488 1578 Gnoso.

280 1620 423 1690 laesusque
436 1614 473 1690 (v.
495 1612 572 1690 776).
589 1614 681 1671 Codd
695 1613 806 1689 aliquot
819 1615 890 1670 boni
910 1634 918 1670 s
940 1617 1090 1691 discatque
1112 1616 1149 1671 Et
1167 1635 1230 1694 seq.
1251 1641 1280 1675 v.

238 1712 308 1787 Reg.
326 1729 336 1764 t
355 1711 524 1781 :uPraeccps
539 1709 668 1763 cumulos
686 1706 746 1783 agit
758 1708 835 1764 unda
852 1707 924 1764 min.
940 1735 952 1759 u

279 1803 353 1857 Ecce
365 1802 467 1875 duaque
484 1799 608 1854 multatur
619 1796 660 1876 (r.
674 1799 752 1874 779).
766 1801 821 1857 ΜΒ
840 1801 921 1858 tuli.
936 1813 965 1856 et
977 1814 1123 1875 uocemque
1136 1802 1208 1859 min.
1221 1830 1234 1853 s

242 1957 245 1960 Α
277 1896 312 1948 Ira
325 1895 430 1949 uellere
443 1887 480 1968 (v.
498 1889 575 1968 786).
590 1890 687 1961 «Quia
699 1890 796 1947 laneos
808 1893 1023 1969 pentadactylos
1037 1891 1068 1972 [i.
1089 1913 1113 1950 e.
1128 1894 1279 1952 chirothe-

236 1982 294 2062 cas]
312 1985 419 2040 liabent
436 1981 489 2039 sub
503 1983 648 2055 caestibus,
666 1983 717 2058 qui
734 1983 856 2040 eminent
871 2004 958 2059 supra
973 1986 1124 2042 brachia.»
1144 1987 1234 2044 Lacr.

279 2078 456 2134 Hortensium
468 2076 588 2132 stridens
605 2074 644 2153 (r.
665 2073 745 2154 790).
760 2077 973 2135 «Scribcndum
988 2097 1052 2134 cum
1071 2089 1132 2154 opt.
1155 2079 1278 2156 aliisque

235 2169 406 2226 membranis
424 2188 431 2224 :
446 2192 459 2219 o
468 2169 505 2225 11.
519 2169 678 2225 r‘rrstridens.
688 2193 701 2219 s
716 2170 821 2225 Blera.

276 2264 401 2318 Misceat
417 2280 467 2317 om
488 2262 600 2318 cerebro
614 2261 651 2335 (r.
666 2260 745 2335 su).
767 2286 779 2310 u
789 2264 896 2318 Omnes
909 2264 1040 2319 meliores
1057 2262 1123 2319 libri
1141 2261 1240 2340 [etiam
1259 2287 1275 2323 a

165 2428 168 2433 ι
235 2350 336 2430 llegg]
349 2370 487 2408 consensu
500 2352 607 2407 babent
624 2370 698 2407 ossa.
715 2353 809 2421 Quam
831 2353 981 2409 lectionem
997 2354 1108 2428 pridem
1125 2354 1204 2412 docti
1220 2358 1277 2414 bo-

233 2443 322 2499 mincs
335 2442 462 2514 recipere
476 2440 651 2497 debebant.»
665 2436 777 2495 Bln'rn.

273 2533 373 2608 Alpini
384 2532 474 2586 veluti
487 2533 587 2605 regaiso
601 2548 749 2605 cupressus
767 2532 881 2587 Vesticio
898 2527 936 2605 (v.
951 2530 1029 2607 854).
1049 2533 1193 2605 «Alpibus
1215 2558 1274 2596 nn-

234 2626 323 2699 dique
340 2623 510 2698 perreptatia
527 2641 669 2698 nusquam
682 2641 712 2680 sc
725 2622 759 2680 iis
776 2622 847 2679 locis
861 2622 985 2679 bannum
1004 2641 1167 2697 cupressum
1188 2627 1274 2687 inre·

232 2717 306 2774 nisse
329 2725 447 2772 testatur
466 2715 557 2772 Julius
581 2716 711 2793 Scaliger
726 2716 756 2772 in
775 2717 908 2782 Portica,
930 2734 960 2788 p.
981 2715 1046 2780 842.
1070 2716 1149 2785 Quid
1169 2718 1278 2796 igitur?

233 2810 325 2867 Unius
339 2807 438 2864 litterre
455 2807 576 2863 mutatio
591 2826 608 2864 a
629 2818 710 2865 tanto
731 2827 850 2865 censore
874 2825 1005 2881 magnum
1023 2817 1116 2863 vatem
1134 2811 1273 2870 absolvet.

234 2902 352 2976 Scripsit
370 2900 470 2974 utique
483 2900 617 2974 Papinius
637 2921 644 2956 ε
664 2927 676 2952 ι
693 2903 816 2958 Albini...
832 2900 975 2955 verticis.»
991 2901 1148 2973 Cupressus
1167 2906 1272 2961 nullibi

234 2994 362 3050 crebrior
375 3011 461 3066 quarn
474 2991 504 3048 in
517 2993 614 3049 insulae
623 2996 713 3050 Cretae
726 2994 806 3050 Idaeis
819 2990 979 3062 montibus,
993 3011 1067 3067 quos
1081 2996 1168 3051 Albos
1182 3016 1273 3055 roca-

234 3087 310 3142 bant.
333 3087 407 3159 Lege
428 3084 512 3154 Plin,
526 3087 562 3139 Η.
577 3087 613 3141 N.
624 3124 633 3152 ,
653 3105 717 3155 xvi,
736 3085 781 3142 33.
798 3109 810 3132 ι»
829 3084 938 3138 utun.
963 3086 1070 3141 Verum
1087 3087 1151 3161 quis
1171 3090 1273 3160 Albis,

233 3186 341 3247 Λωχοῑς,
354 3175 489 3231 mostubus
507 3176 615 3232 tribuat
629 3179 760 3233 Albinum
778 3176 931 3230 vem‘oem?
946 3176 993 3230 Ad
1006 3177 1114 3233 radices
1125 3191 1201 3236 certe
1215 3183 1272 3238 al-

231 3269 311 3342 pium
329 3269 416 3325 babes
434 3287 591 3342 cupressus.
610 3271 707 3325 Paullo
720 3277 800 3341 post,
814 3286 841 3322 v.
861 3265 933 3336 856,
955 3270 1098 3341 poeticum
1116 3273 1205 3348 magis
1225 3286 1270 3330 est

233 3360 315 3435 quod
327 3362 358 3416 in
370 3363 424 3416 ΜΒ
438 3361 543 3435 legitur
561 3383 568 3416 :
586 3374 766 3434 «tetrumque
776 3360 961 3434 propinquat.
981 3386 992 3410 u

271 3455 429 3526 Digitorum
442 3455 554 3510 varicula
565 3454 708 3528 fraugsunt
721 3451 759 3529 (v.
777 3453 855 3528 863).
870 3455 1019 3530 lngeuiose
1038 3458 1164 3514 Gronov.
1179 3458 1268 3531 :sal-

232 3546 301 3598 lunt.

271 3635 408 3690 Fulminei
421 3638 461 3690 sic
469 3637 551 3691 dente
563 3656 625 3691 sues
638 3635 676 3711 (r.
692 3637 769 3714 868).
786 3640 880 3695 Barth.
894 3658 910 3694 e
924 3641 1048 3718 vestigiis
1066 3645 1121 3700 ΜΒ
1135 3663 1141 3697 :
1156 3645 1209 3700 «F.
1224 3648 1264 3702 sic

231 3726 322 3811 clentis
330 3727 403 3797 apri.
414 3751 426 3775 o

270 3818 467 3892 Indignantem
473 3819 598 3874 erasmum
608 3822 644 3896 (v.
654 3822 732 3898 885).
744 3824 828 3879 Multi
836 3825 921 3881 codd.
931 3845 996 3881 cum
1009 3829 1097 3903 Regg.
1108 3829 1261 3884 zammer.

231 3913 302 3967 Mor
314 3929 340 3964 v.
362 3909 418 3967 888
433 3910 524 3966 scribe
542 3914 646 3969 circuit.

274 4004 439 4061 detundant
451 4007 545 4061 omina
560 4005 598 4083 (r.
617 4007 698 4083 923).
717 4012 770 4066 ΜΒ
789 4032 794 4064 :
811 4013 971 4067 renuebam.
