2812 5258
307 432 361 492 rot
605 425 816 482 mansuros
836 426 944 481 LIBER
964 427 1019 481 vll
1232 423 1347 485 (msto

302 552 560 644 Exsanguesque
577 551 706 617 Iocasta
722 573 839 643 genas,
858 561 891 617 et
906 547 1042 617 brachia
1062 544 1199 639 planctu

302 671 408 764 Nigra
428 668 553 748 serens,
569 693 767 763 ramumque
784 668 865 737 oleae
882 693 959 738 cum
975 666 1105 736 velleris
1121 669 1186 735 atri

302 792 467 878 Nexibus,
484 790 708 860 Eumenidum
726 789 820 860 velut
836 791 1083 884 antiquissima,
1102 789 1210 884 portis

187 972 188 975 ,
301 910 498 1011 Egreditur,
504 935 634 1005 „magna
650 935 727 980 cum
743 911 915 1009 majestate
935 908 1111 978 malornm.

301 1034 387 1101 Hinc
407 1046 507 1124 atque
524 1032 603 1100 hinc
620 1046 721 1120 natae,
742 1028 863 1099 melior
875 1031 944 1125 jam
963 1054 1076 1119 sexus,
1095 1028 1197 1098 aniles

301 1152 567 1247 praecipitantem
582 1166 693 1238 artus,
711 1165 744 1219 et
763 1149 940 1244 plusquam
952 1165 1063 1246 posset
1082 1164 1216 1218 euntem

300 1275 497 1342 Sustentant
512 1298 520 1341 :
538 1274 629 1345 venit
646 1286 729 1340 ante·
741 1271 875 1358 hostes,
892 1287 926 1341 et
942 1287 1077 1366 pectore
1096 1268 1188 1339 nudo

300 1392 456 1465 Claustra
469 1392 608 1463 adversa
624 1393 719 1479 ferit,
739 1390 955 1485 tremulisque
972 1390 1152 1462 ululatibus
1171 1404 1246 1459 orat

300 1512 439 1585 Admitti
456 1537 464 1580 τ
479 1516 665 1581 «Reserare
684 1513 771 1581 viam
793 1524 890 1603 rogat
908 1512 1011 1604 impia
1030 1510 1108 1580 belli

300 1637 434 1704 Mater:
454 1633 490 1700 in
508 1632 561 1701 his
579 1628 714 1724 aliquod
728 1632 784 1724 jus
804 1629 988 1700 execrabile
1008 1634 1124 1700 castris

305 1756 390 1824 Huic
408 1767 505 1823 utero
525 1765 618 1826 est.»
637 1750 774 1847 Trepidi
794 1750 897 1821 visam
915 1747 1078 1844 expavere
1096 1753 1253 1850 manipli,

291 1877 528 1970 ¹Auditamque
545 1874 650 1970 magis
667 1900 676 1944 ε
695 1888 819 1943 remeat
836 1875 906 1969 jam
924 1873 1043 1944 missus
1062 1876 1206 1949 Adrasto

289 1967 461 2093 ¹Nuntius3
485 2009 654 2100 excipiunt
664 2001 774 2097 jussi,
794 1994 987 2091 mediosque
1005 2023 1066 2092 per
1084 2026 1178 2070 enses
1221 2061 1223 2072 ,

295 2128 389 2196 Dant
407 2130 494 2197 iter:
514 2127 570 2198 illa
588 2111 688 2197 duces
704 2143 741 2197 ut
759 2119 906 2213 primum
924 2117 1073 2216 adspexit
1090 2122 1249 2209 Achivos,

295 2246 488 2319 Clamorem
501 2248 709 2319 horrendum
726 2247 818 2317 luctu
836 2239 958 2316 furiata
975 2249 1132 2318 resolvit:

344 2367 519 2463 «Argolici
535 2393 707 2462 proceres,
729 2369 784 2434 hei
801 2368 888 2459 quis
898 2369 1131 2436 monstraverit
1148 2368 1291 2453 hostem,

292 2491 405 2578 Quem
421 2485 558 2582 peperi?
571 2511 718 2582 ¹quanam
734 2488 918 2574 inveniam,
938 2486 1020 2555 mihi
1040 2486 1153 2575 dicite,
1169 2500 1282 2555 natum

295 2608 366 2678 Sub
385 2605 525 2702 galeni»
545 2607 649 2676 Venit
666 2607 817 2675 attonite
835 2605 1013 2677 Cadmeius
1033 2609 1132 2676 heros

294 2729 441 2815 Obvius,
460 2741 495 2796 et
511 2741 641 2821 raptam
657 2725 812 2822 lacrymis
833 2727 1052 2823 gaudentibus
1072 2726 1204 2821 implet,

295 2849 496 2943 Solaturqne
513 2839 646 2937 tenen's,
667 2863 768 2943 atque
786 2849 874 2918 inter
894 2847 1040 2944 singula,
1062 2864 1218 2935 matrem,

294 2974 439 3039 Matrem
456 2971 572 3058 iterat,
590 2994 682 3039 nunc
698 2971 965 3064 ipsamurgens,
985 2993 1075 3039 nunc
1094 2995 1169 3039 cara
1184 2995 1335 3038 sororum

295 3094 449 3178 Pectora,
467 3115 571 3184 quum
586 3091 690 3160 mixta
704 3090 801 3161 fletus
821 3116 906 3159 anus
920 3105 1051 3182 asperat
1068 3092 1118 3159 ira
1134 3116 1141 3157 :

295 3210 417 3298 «Quid
434 3210 552 3280 molles
569 3209 748 3304 lacrymas,
766 3209 1021 3304 venerandaque
1040 3213 1177 3280 nomina
1196 3213 1313 3308 fingis,

294 3335 364 3399 Rex
382 3331 524 3424 Argiue,
541 3329 642 3399 mihi?
661 3330 743 3422 quid
760 3329 846 3399 colla
865 3330 1071 3426 amplexibus
1090 3332 1216 3419 ambis,

292 3450 504 3542 lnvisamque
518 3451 597 3518 teris
615 3449 743 3519 ferrato
759 3466 894 3544 pectore
913 3452 1075 3521 matrem?

292 3573 387 3638 Tune
405 3567 461 3637 ille
476 3567 592 3638 exsilio
608 3568 734 3664 vagus?
753 3586 786 3639 et
804 3569 1001 3642 miserabilis
1018 3573 1161 3668 hospes?

293 3690 402 3778 Quem
424 3712 492 3756 non
510 3690 724 3782 permoveas?
743 3690 843 3787 longe
860 3707 917 3761 tua
935 3694 1027 3786 jussa
1048 3694 1200 3765 cohortes

292 3812 510 3903 Exspectant,
531 3808 706 3903 multoque
722 3808 808 3880 latus
822 3811 1041 3911 praefulgurat
1056 3840 1143 3884 ense.

295 3930 347 4001 Ah
364 3928 642 4000 miseraematres!
663 3931 752 4001 hunc
773 3947 805 4001 te
823 3949 1019 4028 noctesque,
1038 3936 1190 4030 diesque,

295 4050 462 4122 Dellebam
480 4078 488 4120 ε
508 4052 534 4119 si
552 4053 655 4125 verba
674 4068 806 4140 mmen,
826 4057 1039 4153 monitusque
1057 4072 1191 4126 tuorum
1244 4089 1248 4116 ι

69 4734 278 4970 Ὶ
