2812 5258
495 444 648 498 NOTITIA
669 445 910 499 Lt'rxsuattlx.
1179 449 1218 520 vij

190 569 264 635 nire
277 565 383 633 studet
404 567 589 650 Ncecluits,
608 565 629 632 l.
652 568 726 653 cit,
742 593 775 660 p.
794 565 841 636 68
851 566 874 634 *.
896 570 948 636 Ne
969 567 1079 661 plura,
1096 595 1136 637 ex
1153 576 1220 639 An·

189 685 353 769 timacho,
381 698 450 751 tum
486 684 684 778 percelebri,
714 684 855 753 multum
881 685 1058 779 profecisse
1088 686 1219 757 videtur

190 805 312 872 Statius
322 800 360 888 *‘,
376 801 452 871 licet
468 802 517 871 vel
535 827 724 896 paucaque
741 778 918 897 supersunt
936 804 1119 896 fragmenta
1131 803 1218 875 illius

189 922 487 997 ostendantrerum
506 923 627 991 bonam
642 937 768 1017 partem
782 924 824 992 ab
837 923 939 992 latino
954 938 1051 1017 poeta
1062 948 1123 1017 pro
1137 950 1218 994 con·

189 1040 261 1108 silio
278 1066 347 1109 esse
370 1041 561 1134 neglectam.
586 1044 738 1130 Etenim,
765 1043 856 1135 quod
880 1043 964 1112 bene
981 1043 1220 1114 demonstravit

195 1163 242 1226 W
242 1160 410 1245 elclerus,
432 1160 598 1230 diversum
615 1163 788 1255 utriusque
807 1179 911 1256 poetae
924 1166 1111 1233 institutum
1137 1179 1217 1233 erat.

186 1278 387 1347 Antimacho
415 1294 561 1349 veterum
582 1281 771 1375 mythorum
793 1281 834 1350 de
855 1282 1005 1350 thebanis
1028 1280 1121 1351 bellis
1140 1306 1218 1376 opes

186 1411 219 1464 et
238 1396 369 1466 divitias
389 1398 556 1468 decretum
572 1414 642 1469 erat
661 1399 811 1492 religiose
830 1417 981 1471 excutere
998 1416 1031 1470 et
1046 1402 1216 1494 antiquam

187 1520 377 1587 memoriam
404 1519 577 1613 complecti
601 1535 720 1606 totam,
743 1520 891 1589 historici
916 1535 1020 1614 poetae
1038 1520 1128 1588 fide:
1152 1525 1217 1589 Ro·

186 1660 304 1705 manus
321 1637 383 1706 hac
403 1638 485 1707 silva
501 1622 657 1709 'utebatur
673 1639 717 1707 ad
734 1641 858 1733 ingenii
872 1643 1142 1727 ostentationem,
1163 1640 1218 1708 de·

187 1778 323 1848 cerpens
338 1757 416 1825 inde
436 1783 510 1850 quae
527 1787 544 1821 a
554 1773 701 1828 tractata
724 1764 881 1828 nitescere
894 1783 995 1855 posse
1011 1788 1028 1823 n
1051 1758 1217 1853 sperabat,

187 1875 365 1964 omniaque
384 1875 561 1967 disponens
578 1880 643 1965 ita,
658 1893 740 1948 utet
756 1880 915 1948 unitatem
931 1878 1107 1970 quamdam
1125 1879 1218 1973 operi

190 2005 339 2081 pararet,
360 2006 392 2059 et
408 1991 572 2061 auditores
589 1994 789 2090 lectoresque
806 2022 873 2065 non
897 1996 1039 2082 laxaret,
1062 1995 1119 2065 sed
1144 2019 1219 2088 pre·

189 2107 341 2198 grediens
365 2108 463 2177 altius
482 2134 585 2202 usque
603 2130 830 2183 commoveret.
855 2116 969 2200 Quare
989 2115 1133 2207 primum
1152 2115 1219 2179 Ho-

187 2227 310 2295 merico
327 2227 427 2295 modo
444 2224 601 2317 ἀριστείας
620 2231 766 2317 induxit,
786 2233 806 2298 i.
823 2257 850 2300 e.
868 2234 903 2299 in
916 2256 1047 2323 quoque
1062 2231 1147 2299 libro
1163 2229 1219 2299 ali·

186 2368 285 2435 quem
305 2345 346 2413 de
361 2360 484 2438 septem
504 2348 645 2417 ducibus
661 2351 846 2441 principem
863 2348 976 2441 gloriae
994 2363 1027 2416 et
1040 2372 1160 2441 pugnxe
1176 2347 1219 2417 le·

186 2463 241 2530 cit.
264 2465 394 2534 Deinde
420 2492 529 2535 rerum
549 2465 698 2536 ordinem
726 2469 770 2536 ita
793 2469 942 2554 invertit,
962 2482 998 2535 ut
1014 2482 1091 2536 ante
1105 2491 1218 2536 omnes

189 2582 424 2677 Amphiaraum
455 2589 543 2655 Orco
568 2586 768 2672 demitteret,
800 2611 841 2654 ne
868 2588 984 2654 mortis
1005 2587 1076 2680 ejus
1101 2584 1218 2655 lenitas

226 2833 239 2856 “
252 2834 357 2886 Totum
371 2834 532 2905 mythorum
547 2833 583 2888 de
596 2832 724 2888 thebanis
737 2834 818 2888 bellis
832 2834 940 2907 cyclum
955 2843 983 2887 et
992 2843 1141 2905 poetarum
1158 2833 1218 2904 ejus

187 2921 325 2976 tractandi
345 2924 468 2977 rationes
482 2943 588 2978 summa
603 2924 737 2978 doctrinae
751 2924 833 2996 copia
847 2923 977 2995 exposuit
988 2924 1175 2977 Wxscxauus
1188 2923 1218 2977 in

187 3014 395 3085 Ephemeridih.
414 3013 547 3069 scholast.
567 3016 731 3069 Donnsted.
747 3032 771 3069 a.
795 3012 883 3084 1832,
904 3014 975 3069 lebr.
997 3022 1025 3068 et
1041 3023 1137 3081 mart,
1151 3013 1218 3069 inde

186 3123 201 3158 a
221 3124 263 3158 ur.
287 3111 318 3169 rt.
335 3115 362 3158 et
376 3124 470 3177 seqq,
490 3124 520 3177 p.
545 3104 691 3173 rob-1803
710 3103 871 3176 209·abo:
895 3103 1014 3158 Thebais
1027 3105 1087 3157 aad
1105 3105 1217 3179 Epigo-

185 3215 247 3250 uen.
264 3195 308 3249 lbi
322 3214 351 3268 p.
377 3197 431 3253 158
445 3216 487 3269 sq.
507 3196 543 3251 de
566 3196 735 3252 Antimacho
745 3216 755 3263 ,·
771 3207 799 3251 et
819 3212 848 3267 p.
876 3193 1002 3261 161-164
1024 3193 1164 3268 exquisita
1181 3196 1217 3252 de

168 3352 171 3359 Ι
188 3289 276 3341 Statio
291 3288 431 3343 disseruit.

224 3380 250 3405 ''
264 3381 299 3434 Et
314 3381 438 3434 erathaec
451 3379 509 3451 jam
523 3378 640 3452 antiqua
647 3378 729 3433 sarna.
739 3378 831 3432 Schol.
840 3375 1006 3431 Barthiauus
1012 3375 1049 3431 ad
1057 3374 1156 3442 Thea,
1165 3394 1217 3445 nt,

189 3470 242 3532 tte
258 3489 264 3523 :
279 3470 406 3525 «Dicunt
422 3479 535 3544 poetam
549 3469 602 3526 ista
616 3466 710 3525 omnia
724 3486 759 3523 ex
772 3484 863 3541 graeco
876 3477 960 3540 poeta
973 3466 1142 3522 Antimacho
1161 3467 1216 3523 de·

188 3561 312 3631 duxisse,
326 3563 376 3635 qui
398 3571 427 3618 et
446 3564 505 3635 ipse
519 3560 658 3639 [lon]gam
670 3560 844 3616 Thebaidem
859 3559 969 3632 scripsit
987 3569 1015 3615 et
1027 3558 1169 3615 veteribus
1186 3559 1217 3614 iu

188 3669 287 3725 magno
304 3654 397 3726 pretio
416 3655 570 3710 habitam.»
586 3656 685 3727 Neque
699 3653 754 3708 hoc
769 3651 949 3726 redarguitur
962 3651 1032 3706 locis
1046 3649 1216 3723 quibusdam

187 3742 315 3816 singulis,
329 3745 358 3799 in
378 3746 481 3817 quibus
503 3746 622 3801 Statium
641 3745 676 3799 ab
696 3744 861 3799 Antimacho
883 3743 1091 3798 dissentientem
1109 3741 1214 3814 depre-

186 3832 332 3889 hendimus
346 3856 352 3889 :
368 3856 392 3890 e.
407 3856 429 3890 c.
446 3838 513 3909 hag.
534 3856 571 3910 ²9
586 3836 761 3901 Antimachi,
776 3835 826 3909 qui
840 3835 1073 3907 Parthenopaeum
1088 3851 1148 3887 non
1156 3834 1210 3886 Ar·

185 3924 301 3991 rudem,
320 3937 351 3979 ut
371 3929 486 3994 Statius,
505 3930 553 3984 sed
578 3929 712 4003 Argiuum
731 3927 797 3981 lacit
812 3944 877 3982 cum
894 3924 1065 3999 quibusdem
1081 3923 1157 3993 aliis,
1172 3921 1216 4009 xda

184 4017 290 4090 quibus
305 4036 329 4068 v.
345 4019 549 4086 Wsccsxaux,
563 4024 580 4074 Ι.
596 4039 611 4075 c
635 4038 663 4092 p.
684 4018 737 4073 138
751 4038 792 4091 sq.
