2812 5258
90 455 202 516 (affl.)
396 449 606 506 Tttssttantos
627 448 736 505 LIBER
755 448 806 506 111.

90 579 239 671 Bebrycii
258 565 418 659 neinoris3
439 599 500 643 nec
515 576 606 667 jussa
626 576 759 661 incuso,
780 576 911 667 pigetve

92 696 201 765 Officii
217 722 225 763 τ
240 697 336 790 juvat
355 696 434 778 isse,
448 696 561 787 juvat,
580 693 775 786 Thebasque
792 707 946 762 nocentes

91 816 285 911 Explorasse
305 839 405 883 manu
424 839 432 882 :
448 813 535 882 bello
556 838 628 899 me,
647 812 785 898 credite,
804 812 912 896 bello,

90 941 159 1006 Ceu
178 936 296 1004 turrim
313 933 471 1017 validam,
487 947 545 1001 aut
562 946 684 1000 arctam
702 931 915 1025 compagibus
932 933 1066 1013 urbem,

89 1053 215 1124 Delecti
236 1053 361 1122 insidiis
376 1054 593 1144 instructique
612 1052 764 1120 omnibus
783 1054 881 1120 armis

89 1175 194 1241 Nocte
214 1171 357 1264 doloque
378 1172 440 1239 viri
459 1169 584 1237 nudum
604 1172 822 1264 ignarumque
843 1171 990 1239 locorum

88 1293 318 1384 Nequicquam
337 1288 481 1358 clausere
498 1290 629 1382 :jacent
649 1292 684 1357 in
703 1292 862 1384 sanguine
881 1291 974 1359 mixti

88 1416 175 1478 Ante
196 1412 313 1479 urbem
332 1432 490 1494 vacuam3
508 1427 598 1478 nunc
617 1433 653 1493 o,
678 1432 768 1477 nunc
788 1424 917 1503 tempus
936 1411 969 1476 in
987 1409 1113 1492 hostes,

88 1531 176 1597 Dum
193 1528 331 1622 trepidi,
350 1552 596 1621 exsanguesque
610 1544 715 1616 metu,
731 1528 809 1596 dum
831 1529 945 1597 funera
960 1541 1113 1621 portant3

88 1650 177 1717 Dum
196 1647 315 1742 capulo
334 1647 482 1716 nondum
498 1671 616 1716 manus
635 1648 774 1717 excidit:
794 1649 864 1741 ipse
880 1672 942 1742 ego
961 1647 1061 1715 fessus

87 1768 337 1861 Quinquaginta
355 1765 417 1834 illis
438 1768 576 1835 heroum
597 1769 795 1837 immanibus
814 1769 954 1852 umbris,

87 1885 301 1978 Vulneraque
319 1887 379 1953 ista
397 1885 503 1954 ferens
520 1889 610 1980 putri
628 1889 782 1956 insiccata
797 1912 932 1971 cruore,

86 2007 242 2073 Protinus
262 2006 310 2072 ire
330 2017 444 2097 peto.»
461 2004 594 2097 Trepidi
612 2005 652 2073 de
672 2006 801 2073 sedibus
822 2007 951 2074 adstant

87 2125 266 2210 Inachidae,
284 2125 477 2217 cunctisque
497 2125 588 2217 prior
604 2125 780 2194 Cadmeius
799 2127 894 2194 heros

87 2246 239 2312 Accurrit
255 2241 385 2310 vultum
403 2243 570 2336 dejectus,
590 2257 646 2332 et,
665 2247 742 2313 «En
761 2265 823 2335 ego
842 2247 934 2313 Divis

86 2366 230 2450 Invisus,
247 2363 386 2454 vitaeque
403 2386 546 2448 nocens,
567 2363 636 2430 lraec
653 2361 790 2432 vulnera
807 2388 907 2433 cerno

83 2482 238 2576 lntegeri
256 2483 357 2550 hosne
376 2482 456 2550 mihi
476 2482 620 2569 reditus,
640 2506 815 2577 germane,
832 2486 991 2580 parabas?

85 2608 122 2671 ln
143 2628 194 2670 me
211 2603 279 2670 haec
299 2600 362 2670 tela
380 2600 499 2669 dabas?
519 2626 580 2695 pro
600 2604 674 2671 vitm
694 2604 779 2673 foeda
797 2603 934 2697 cupido!

83 2721 219 2808 Infelix,
240 2721 367 2789 lacinus
385 2720 480 2788 fratri
501 2735 566 2788 tam
586 2704 711 2815 grande
732 2725 859 2815 negavi.

81 2845 123 2910 Et
144 2867 231 2910 nunc
249 2855 354 2909 vestra
372 2839 504 2932 quidem
522 2856 677 2910 maneant
697 2843 731 2907 in
752 2864 831 2933 pace
848 2864 960 2909 serena

81 2963 223 3046 Moenia3
244 2985 303 3030 nec
322 2961 414 3029 vobis
432 2961 515 3028 tanti
533 2961 594 3027 sim
615 2984 712 3028 causa
734 2959 895 3029 tumultus

82 3084 208 3172 Hospes
225 3081 331 3150 adhuc
345 3106 354 3147 ε
369 3082 453 3166 scio,
471 3103 531 3147 nec
552 3104 603 3147 me
622 3080 704 3147 adeo
724 3105 776 3149 res
792 3080 907 3149 dextra
924 3080 1041 3149 levarit

82 3200 191 3285 Quam
211 3198 330 3268 durum
349 3201 455 3283 natis,
475 3197 619 3266 thalamo
638 3223 736 3291 quam
757 3200 850 3268 triste
867 3198 998 3286 revelli,

83 3317 193 3403 Quam
212 3319 342 3408 patria:
361 3342 428 3387 non
448 3344 501 3386 me
519 3317 617 3386 ullius
639 3318 755 3386 domus
775 3321 870 3386 anxia
889 3316 1020 3412 culpet,
1120 3347 1125 3360 =

83 3438 344 3527 Respectentque
360 3453 469 3508 truces
489 3438 625 3530 obliquo
646 3436 771 3506 lumine
789 3451 916 3506 matres.

83 3552 142 3620 lbo
162 3553 266 3622 libens
282 3566 455 3648 certusque
471 3557 576 3644 mori;
594 3553 672 3626 licet
687 3558 811 3651 optima
830 3557 954 3651 conjux

81 3673 285 3763 Auditusque
304 3673 423 3778 iterum
442 3694 570 3748 revocet
590 3699 709 3748 socer:
731 3679 819 3747 hunc
839 3703 901 3772 ego
920 3680 1057 3765 Thebis,

79 3794 195 3877 Hunc,
216 3815 387 3886 germane,
408 3794 466 3861 tibi
480 3779 704 3890 jugulum,'et
720 3799 797 3885 tibi,
816 3800 957 3866 maxime
973 3798 1106 3892 Tydeu,

80 3912 232 3978 Debeo.»
257 3914 310 3980 Sic
330 3911 426 3980 variis
444 3928 616 4005 praetentat
635 3932 770 4009 pectora
787 3919 900 4004 dictis,

81 4028 305 4125 Obliquatque
322 4055 459 4125 preces:
476 4050 645 4104 commotae
665 4036 833 4128 questibus
850 4039 906 4105 irae
