2812 5258
60 3979 79 4018 Χ

322 410 358 464 ao
629 402 839 461 amnimos
858 403 966 458 cmm
987 402 1035 456 vr.
1245 399 1278 462 (v.
1290 398 1357 462 ,ιω

323 530 498 616 Culmina,
518 553 578 597 eeu
596 528 667 596 lata
687 525 866 595 tremefecit
883 495 969 593 niole
986 525 1100 591 ruinae.

372 647 479 739 Quale
493 645 680 740 vaporifera
699 669 815 714 saxum
834 643 1055 738 Polyphemus
1073 645 1114 711 ab
1133 645 1232 711 AEtna

323 771 421 840 Lucis
440 780 556 862 egente
577 790 697 849 manu,
715 779 825 833 tamen
847 766 881 832 in
900 758 1035 860 iestigia
1052 765 1174 857 puppis

323 888 466 972 Audita,
483 885 642 978 juxtaque
660 886 832 953 inimicum
851 882 1111 979 exegit‘Ulixen.

322 1009 375 1077 Sic
394 1019 428 1073 et
446 1003 588 1092 Aloidae,
609 1029 713 1099 quum
728 1005 799 1097 jam
817 1003 938 1073 celaret
954 1003 1135 1098 Olympum

321 1130 470 1218 Desuper
486 1125 571 1192 Ossa
591 1106 721 1219 rigens,
739 1126 847 1218 ipsum
866 1121 1003 1218 glaciale
1022 1122 1171 1192 ferebant

320 1244 453 1333 Pelion,
469 1259 503 1313 et
516 1244 647 1339 trepido
664 1245 843 1340 sperabant
857 1243 997 1338 jungere
1010 1242 1102 1312 coelo.

367 1367 463 1434 Tunc
484 1366 614 1459 genitus
631 1363 736 1434 Talao
751 1366 875 1434 'victori
894 1366 994 1460 tigrin
1014 1365 1147 1432 inanem

319 1487 373 1553 Ire
384 1485 498 1577 jubet,
516 1483 609 1554 fulvo
629 1508 702 1577 quae
720 1482 918 1552 circumfusa
937 1483 1061 1552 nitebat

319 1607 490 1699 Margine,
509 1619 542 1675 et
561 1618 724 1674 extremos
742 1627 824 1671 auro
841 1618 1072 1672 mansueverat
1090 1604 1227 1698 ungues.

320 1726 519 1794 Gnossiacos
540 1748 637 1793 arcus
655 1724 773 1807 habet,
794 1737 827 1791 et
845 1747 929 1817 vaga
948 1721 1012 1791 tela
1031 1724 1254 1793 Menestheus.

323 1848 396 1913 «At
414 1845 493 1931 tibi,
513 1845 578 1930 ait,
599 1841 765 1938 Phlegya‚
783 1868 861 1913 casu
880 1842 1034 1912 frustrate
1055 1844 1206 1930 sinistro,
1241 1874 1243 1879 ·

321 1968 437 2051 Hunc,
456 1963 624 2059 quondam
642 1966 746 2033 nostri
765 1963 883 2053 decus,
900 1963 1126 2059 auxiliumque
1140 1963 1286 2058 Pelasgi,

322 2088 422 2152 Ferre
435 2084 569 2170 damus,
584 2086 791 2177 nequeenim
805 2084 1038 2180 Hippomedon
1049 2084 1218 2169 inviderit,
1233 2109 1354 2153 ensem

370 2205 497 2272 «Nunc
515 2228 599 2297 opus
619 2219 669 2271 est
686 2205 804 2272 animis
822 2203 958 2273 infestos
978 2204 1093 2273 tollere
1112 2218 1227 2271 caestus

321 2324 504 2391 Cominus:
522 2323 593 2390 haec
613 2320 706 2389 bellis
723 2337 757 2389 et
772 2322 861 2389 ferro
875 2324 1027 2416 proxima
1046 2324 1191 2389 virtus.»

321 2440 477 2510 Constitit
495 2440 647 2506 immanis
665 2440 775 2525 cerni,
794 2440 1013 2532 immanisque
1035 2441 1157 2524 teneri,

323 2556 496 2653 Argolicus
514 2560 714 2651 Capaneus:
735 2581 773 2627 ac
792 2557 871 2628 dum
891 2560 1059 2654 nigrantia
1079 2559 1215 2652 plumbo

320 2679 478 2773 Tegmina
497 2676 600 2746 cruda
618 2677 735 2765 boum,
757 2704 825 2748 non
841 2678 972 2748 mollior
990 2680 1077 2774 ipse',
1096 2679 1224 2748 lacertis

321 2797 475 2866 Induitur
493 2823 500 2865 :
520 2799 634 2867 «Date
649 2811 698 2866 tot
712 2798 871 2890 juvenum
890 2798 931 2869 de
946 2798 1089 2869 millibus
1108 2825 1210 2868 unum

322 2922 415 3003 Huc,
436 2919 497 3006 ait3
515 2934 614 3011 atque
632 2922 760 2988 utinam
778 2922 888 3013 potius
908 2921 949 2989 de
968 2923 1069 3014 stirpe
1089 2922 1214 2987 veniret

325 3036 473 3126 AEmulus
493 3027 618 3122 Aonia,
638 3065 736 3131 quem
755 3039 803 3107 fas
823 3039 994 3107 demittere
1014 3038 1097 3108 leto:

323 3158 392 3225 Nec
409 3181 481 3224 men
502 3155 644 3227 crudelis
662 3159 750 3227 civili
768 3161 927 3253 sanguine
945 3160 1088 3229 virtus.»

322 3274 533 3368 Obstupuere
550 3279 669 3364 animi,
687 3277 829 3369 fecitque
849 3275 979 3348 silentia
1001 3296 1117 3349 terror.

369 3393 516 3462 Tandem
534 3397 721 3488 insperatus
738 3395 828 3465 nuda
849 3396 889 3465 de
907 3398 1003 3492 'plebe
1020 3404 1190 3469 Laconum

309 3509 453 3617 ¹Prosilit
472 3512 656 3582 Alcidamas
675 3541 682 3581 :
700 3517 863 3584 mirantur
880 3521 1002 3588 Dorica
1022 3545 1138 3614 regum

324 3633 487 3724 Agmina:
505 3632 562 3701 sed
583 3635 662 3702 socii
681 3634 800 3705 fretum
820 3637 954 3708 Polluce
969 3643 1125 3735 magistro

322 3750 469 3836 Norant,
488 3768 522 3820 et
537 3776 647 3822 sacras
667 3756 755 3825 inter
773 3760 915 3827 crevisse
934 3758 1111 3854 palaestras.

322 3872 395 3962 lpse
415 3873 504 3940 Deus
522 3873 698 3966 posuitque
716 3900 851 3963 manus,
870 3895 904 3947 et
922 3881 1055 3949 brachia
1077 3881 1170 3950 finxit

323 3987 496 4058 Materiam
514 3991 688 4086 (suadebat
706 3995 843 4091 amor):
865 4013 946 4069 tunc
967 4026 1051 4095 saepe
1070 4001 1191 4070 locavit
