2812 5258
87 433 198 495 tene.)
399 434 607 491 nunnamos
628 436 735 492 cinna
755 439 789 491 n.
1060 453 1116 506 209
1167 445 1169 449 ¹

86 561 269 624 Assuevere
283 559 389 650 jugo:
411 557 514 650 pudet
530 555 608 624 heu!
628 557 809 650 plebisque,
831 573 1044 651 patrumque,

86 674 137 740 Ne
156 673 253 742 toties
271 676 396 743 incerta
414 676 535 763 lerant,
552 691 745 768 mutentque
765 691 928 769 gementes

86 796 248 887 Imperia,
266 809 297 863 et
315 795 416 863 dubio
433 797 542 888 pigeat
559 818 673 886 parere
694 810 845 886 tyranno.

88 917 164 984 Non
182 917 288 1009 parcit
305 913 437 1007 populis
455 939 593 1007 regnum
612 916 710 982 breve
726 940 734 981 ι
752 915 876 1006 respice
891 927 1033 1004 quantus

90 1038 226 1120 llorror,
245 1049 278 1101 et
295 1035 429 1102 attoniti
448 1047 561 1100 nostro
583 1034 616 1100 in
635 1032 821 1099 discrimine
840 1033 935 1099 cives.

88 1158 199 1223 Hosne
214 1177 292 1246 ego,
308 1151 382 1244 quls
397 1167 484 1221 certa
499 1167 548 1219 est
562 1153 623 1218 sub
640 1166 672 1219 te
688 1151 771 1218 duce
784 1175 897 1243 poena,
914 1148 1114 1241 relinquam?

88 1276 212 1358 Iratus,
234 1296 403 1366 germane,
425 1271 538 1339 venis:
557 1270 606 1338 lac
627 1270 725 1356 velle,
744 1295 802 1338 nec
821 1271 882 1362 ipsi

89 1388 140 1482 (Si
158 1390 257 1459 modo
276 1404 374 1459 notus
394 1415 499 1475 amor,
518 1392 691 1481 meritique
711 1405 760 1457 est
775 1387 898 1483 gratia)
917 1403 1026 1480 patres

89 1509 238 1577 Reddere
256 1535 355 1604 regna
376 1512 522 1578 sinent.»
541 1511 616 1578 Non
640 1508 725 1577 ultra
742 1532 871 1601 passus,
888 1521 921 1573 et
937 1529 1008 1574 orsa

88 1629 203 1719 Injecit
219 1629 334 1697 mediis
354 1628 560 1697 sermonibus
579 1629 701 1696 obvia:
719 1625 889 1709 «aedues,

86 1748 290 1839 Ingeminat,
311 1747 453 1815 reddes:
475 1772 541 1814 non
561 1750 587 1814 si
609 1762 641 1816 te
661 1746 786 1815 ferreus
806 1769 906 1839 agger

88 1866 239 1946 Ambiat3
261 1879 319 1932 aut
335 1863 479 1956 triplices
497 1864 562 1932 alio
578 1867 638 1934 tibi
656 1867 800 1933 carmine
817 1888 928 1931 muros

87 1983 253 2074 Amphion
270 1982 401 2050 auditus
422 1998 521 2075 agat:
541 1982 586 2049 nil
605 1984 685 2070 tela,
701 2009 760 2052 nec
778 1987 868 2077 ignes

88 2101 301 2185 Obstiterint,
323 2101 403 2192 quin
423 2126 501 2170 unsa
523 2102 609 2187 luas,
630 2103 814 2195 nostrisque
832 2102 893 2170 sub
911 2102 1010 2168 armis

86 2222 229 2311 Captivo
247 2219 463 2287 moribundus
483 2221 621 2288 humum
641 2220 824 2289 diademate
843 2219 961 2314 pulses.

83 2341 137 2405 Tu
156 2339 273 2405 merito
291 2363 299 2404 :
316 2352 364 2404 ast
381 2339 500 2406 horum
519 2340 669 2424 miseret,
689 2364 771 2433 quos
787 2339 948 2431 sanguine
966 2335 1063 2423 viles,

86 2456 291 2548 Conjugibus
311 2457 459 2548 natisque
476 2457 608 2525 infanda
626 2459 668 2526 ad
688 2457 801 2551 proelia
819 2471 945 2549 raptos,

86 2576 221 2667 Projicis
241 2574 381 2662 excidio,
401 2575 561 2644 bouerex
579 2603 586 2644 ε
603 2601 624 2644 o
642 2590 765 2669 quanta
784 2576 953 2644 Cithaeron

85 2699 227 2780 Funera,
247 2695 500 2787 sanguineisque
518 2694 625 2779 vadis,
643 2698 788 2777 Ismene,
809 2688 949 2761 rotabis!

86 2816 162 2880 Haec
182 2815 300 2906 pietas,
319 2814 387 2880 haec
408 2837 526 2907 magna
546 2811 645 2881 fides!
664 2839 725 2881 nec
739 2813 875 2880 crimina
892 2810 998 2904 gentis

85 2933 171 3000 Mira
190 2933 340 3026 equidem
357 2932 463 3014 duco;
481 2935 527 2999 sic
546 2934 672 3024 primus
690 2931 858 3025 sanguinis
878 2944 1005 3011 auctor,

86 3052 269 3143 incestique
287 3066 418 3143 patrum
438 3049 592 3133 thalami;
611 3049 667 3117 sed
688 3049 770 3117 fallit
785 3051 897 3141 origo:

86 3169 275 3261 OEdipodes
292 3183 327 3236 tu
344 3169 433 3237 solus
449 3171 512 3237 eris
533 3195 540 3235 ε
560 3169 628 3235 haec
647 3170 780 3260 praemia
798 3191 927 3234 morum

86 3293 133 3357 Ac
155 3287 301 3374 sceleris,
319 3287 478 3373 violente,
500 3287 583 3354 feres
601 3313 609 3353 ε
629 3311 689 3353 nos
703 3288 867 3379 poscimus
882 3310 1016 3353 annum.

86 3406 151 3474 Sed
168 3431 315 3482 moror.»
338 3412 414 3476 llaec
432 3407 538 3475 audax
559 3409 737 3472 etiamnum
759 3407 792 3471 in
812 3403 925 3472 limine
946 3419 1034 3472 retro

84 3524 294 3610 vociferans,
312 3527 380 3616 jam
401 3542 479 3594 tnnc
500 3522 640 3617 impulsa
658 3548 717 3616 per
734 3523 861 3617 agmina
880 3547 1039 3616 praeceps,

84 3643 209 3714 Evolat.
230 3648 355 3714 OEneae
375 3643 490 3712 vindex
511 3646 557 3712 sic
572 3642 626 3711 ille
643 3644 757 3712 Dianae

83 3767 221 3833 Erectus
240 3766 331 3844 setis,
351 3775 384 3827 et
401 3760 536 3829 aduncae
551 3756 690 3830 fulmine
703 3761 810 3847 malae,

83 3885 195 3970 Quum
216 3894 382 3977 premeret
401 3878 537 3971 Pelopea
558 3881 716 3975 phalanx,
737 3906 812 3949 saxa
836 3882 933 3950 obvia
957 3881 1108 3967 volvens,

81 4004 263 4095 Fractaque
282 3998 437 4094 perfossis
454 3998 585 4068 arbusta
601 3999 760 4069 Acheloia
774 4002 872 4093 ripis,

224 4143 246 4190 t.
914 4121 955 4200 14
