2812 5258
217 452 271 510 168
485 443 726 501 'THEBAIDOS
746 441 923 499 Lfflttttltt
1138 433 1250 495 tems.)

213 583 314 648 Nunc
329 575 414 670 sugit
431 573 606 658 instantes,
626 584 660 639 ct
679 568 751 637 solo
769 567 903 662 respicit
921 587 1012 634 arcu.

263 704 306 770 Et
319 700 387 792 jam
405 696 577 778 mirantes,
595 688 871 787 indignantesque
887 686 1023 756 coibant

215 814 428 897 Labdacidae,
445 813 639 907 primusque
658 811 749 880 Jovis
771 808 812 877 de
837 809 997 901 sanguine
1017 805 1108 872 claro

216 936 400 1030 Amphion,
419 935 555 1027 ignarus
575 930 699 1016 adhuc,
718 955 790 1023 quae
806 927 924 998 limera
943 927 1068 1019 campis

216 1055 277 1126 llle
292 1054 410 1122 daret:
435 1053 618 1140 «Quonam
638 1073 744 1144 usque
761 1074 890 1118 moram
910 1046 1081 1116 lucrabere
1098 1044 1174 1127 sati,

103 1262 111 1276 ·
217 1180 248 1245 Ο
268 1171 411 1242 mullum
430 1173 566 1240 meritos
586 1195 670 1264 puel*
687 1169 843 1240 Orbilium
856 1166 1028 1263 paressleS?

217 1295 309 1383 Quin
332 1295 430 1362 etiam
451 1293 553 1360 menti
571 1306 683 1382 tumor
701 1306 802 1383 atque
818 1288 956 1358 audacia
974 1285 1097 1381 gliscit,

217 1416 426 1507 Congressus
442 1412 521 1479 dum
539 1435 636 1479 nemo
656 1425 731 1479 tuos
749 1433 963 1504 pugnamque
983 1409 1144 1474 minorem

220 1535 389 1626 Dignatur
404 1529 515 1614 bellis,
532 1531 682 1621 iramque
699 1527 896 1620 relinqueris
913 1527 1009 1595 iufra.

219 1657 252 1740 1,
273 1666 384 1746 repete
398 1649 589 1737 Arcadiam,
610 1650 799 1740 mixtusque
818 1644 1000 1738 aequalibus
1018 1643 1100 1730 illic,

124 1765 127 1770 ’
221 1776 312 1842 Dum
331 1772 420 1840 ferus
436 1771 492 1839 hic
508 1794 587 1839 vero
603 1769 737 1837 dcsaevit
754 1765 891 1861 pulvere
906 1770 1057 1851 Mavors,

222 1890 343 1960 Proelia
360 1889 438 1961 lude
457 1890 570 1959 domi:
591 1889 682 1983 quod
698 1891 725 1957 si
744 1904 777 1957 te
793 1901 906 1957 moesta
926 1886 1070 1981 sepulcri

223 2015 326 2080 Fama
340 2027 465 2097 movet,
483 2011 657 2094 dabimus,
673 2009 741 2078 leto
757 2011 898 2078 moriere
913 2010 1074 2078 virorum.
1089 2040 1105 2073 s>

272 2131 474 2200 Jamdudum
493 2132 584 2200 hunc
601 2146 717 2199 contra
738 2128 879 2199 stimulis
899 2131 1108 2224 gravioribus
1124 2130 1218 2197 ardet

224 2253 316 2318 Trux
332 2250 577 2335 Atalantiades,
593 2275 655 2317 nec
672 2249 751 2316 dum
770 2248 825 2316 ille
840 2251 1027 2341 quieverat,
1046 2248 1120 2315 infit
1136 2274 1144 2312 :

225 2372 334 2442 «Sera
349 2370 449 2438 etiam
469 2371 503 2436 in
518 2368 664 2454 Thebas,
681 2391 823 2458 quarum
843 2368 898 2434 hic
915 2369 1092 2454 exercitus,
1112 2391 1203 2435 arma

225 2490 364 2561 Prosero
380 2515 388 2556 ε
407 2488 560 2581 quisnam
578 2485 661 2554 adeo
682 2509 782 2579 puer,
801 2500 840 2553 ut
855 2483 978 2554 bellare
994 2502 1123 2555 recuset

226 2608 380 2681 Talibus?
399 2607 549 2677 Arcadiae
568 2608 724 2700 stirpem,
745 2622 779 2675 et
796 2605 867 2675 sera
884 2606 1009 2676 semina
1026 2609 1148 2701 gentis,

227 2734 306 2801 Non
318 2729 477 2800 Thebana
496 2726 588 2796 vides
606 2753 614 2795 :
633 2752 701 2796 non
722 2752 776 2795 mc
794 2727 856 2795 sub
874 2741 969 2795 nocte
986 2725 1095 2795 silenti

228 2853 337 2944 Thyes
352 2850 516 2920 Echionio
534 2849 678 2942 genitrix
698 2846 856 2916 famulata
874 2850 972 2939 Lyaeo

229 2971 366 3040 Edidit:
386 2970 475 3038 haud
493 2994 641 3063 uuquam
658 2969 821 3036 deformes
841 2969 963 3036 vertice
981 2970 1095 3038 mitras

230 3090 423 3174 Induimus,
441 3090 597 3182 turpique
611 3113 711 3157 manu
723 3088 921 3180 jactavimus
940 3089 1079 3156 hastam.

229 3212 387 3279 Protinus
403 3208 578 3278 adstrictos
593 3208 693 3276 didici
713 3221 843 3301 reptare
862 3233 922 3300 per
940 3233 1067 3296 amnes,

229 3328 490 3421 Horrendasque
507 3328 624 3396 domos
640 3351 834 3420 magnarum
854 3329 978 3399 intrare
997 3329 1140 3399 serarum
1157 3362 1163 3398 :

231 3453 273 3519 Et
292 3448 372 3540 quid
386 3445 484 3542 plura
503 3444 643 3539 loquar?
658 3445 783 3515 serrum
800 3471 873 3515 mea
885 3453 1021 3542 *semper
1039 3463 1072 3517 et
1088 3476 1185 3519 arcus

231 3572 342 3641 Mater
360 3567 477 3655 habet,
498 3566 597 3634 vestri
611 3564 736 3634 feriunt
752 3591 832 3635 cava
850 3581 1005 3662 tympana
1026 3585 1171 3662 patres.»

281 3689 358 3757 Non
379 3684 456 3754 tulit
472 3684 657 3779 Amphion,
676 3686 871 3780 vultumque
890 3689 974 3755 etin
994 3715 1052 3757 ora
1069 3689 1234 3786 loquentis

232 3807 348 3878 Telum
370 3807 513 3873 immane
530 3818 616 3873 rotat
631 3831 638 3873 :
655 3804 713 3874 sed
731 3804 809 3874 ferri
829 3803 954 3875 lumine
972 3807 1045 3876 diro

233 3929 400 3998 Turbatus
418 3927 567 4020 sonipes,
584 3951 653 3995 sese
670 3924 910 4020 dominumque
928 3932 1065 4000 retorsit

234 4052 272 4117 ln
289 4047 390 4136 latus,
412 4062 510 4141 atque
530 4047 660 4115 avidam
678 4047 859 4115 transmisit
876 4045 993 4119 devius
1009 4050 1149 4122 hastam.
