2812 5258
413 399 452 454 ΙΝ
474 400 503 452 P.
523 394 552 452 P.
575 395 700 451 smll
720 395 827 451 THEB.
848 396 917 452 LIB.
939 398 990 453 xl.
1167 401 1221 464 341

186 514 270 587 pauci
288 512 447 568 «moritura
469 513 622 585 ligabam
646 510 695 565 sed
715 521 822 564 rectum
844 512 971 585 legebat,
990 513 1026 567 de
1046 531 1104 586 quo
1124 514 1225 568 Lact:

148 603 150 607 ’
187 633 197 653 «ι
209 606 376 662 fortioribus
393 605 477 661 ramis
495 604 605 671 electis,
627 622 663 659 ne
687 603 781 678 forte,¹
795 601 999 660 infirmioribus
1022 605 1133 675 fractis,
1152 625 1227 662 mor·

188 709 243 752 tem
261 699 392 771 corporis
409 699 491 754 ruina
506 696 696 752 declinaret.»

230 793 354 846 Irnbutus
376 791 519 845 amoribus
540 791 620 842 aulce
638 784 676 863 (v.
699 783 777 860 661).
802 786 836 841 ld
859 798 901 842 est
920 788 1085 844 crudelibus
1104 790 1227 860 deliciis,

186 883 304 955 prolis,
325 902 387 956 quae
406 883 495 936 lacere
510 891 585 936 amat
598 880 672 935 aula.
693 881 752 932 Prae
770 896 830 951 quo
850 878 934 954 t'riget
956 881 1104 936 meliorum
1122 882 1227 938 Bartlrii

187 986 215 1028 ct
234 976 280 1029 PR
295 973 378 1028 lectio
394 992 400 1026 :
415 973 546 1026 moribus.

226 1067 307 1121 Redit
319 1068 348 1120 in
362 1083 456 1139 regern
474 1062 512 1135 (v.
532 1060 610 1138 668).
634 1059 792 1115 «Animum
810 1060 919 1135 regium
940 1065 1057 1118 sumit.»
1079 1065 1166 1120 Licr.
1187 1098 1225 1107 —

185 1158 296 1214 Deinde
321 1158 406 1213 codd.
431 1156 582 1229 permulti,
602 1154 624 1209 si
645 1172 705 1209 uon
726 1171 839 1223 omnes,
865 1173 1054 1230 «crocumque
1074 1159 1224 1213 audentius

185 1252 294 1306 hostem
310 1247 486 1322 increpitans
502 1268 508 1301 :
524 1271 539 1298 n
559 1245 642 1320 quod
658 1264 718 1300 non
732 1245 817 1301 video
832 1264 884 1302 cur
898 1247 984 1302 suerit
997 1248 1185 1305 immutatum.

227 1342 313 1397 Crede
331 1359 340 1391 :
355 1341 421 1395 licet
442 1341 542 1395 ueniat
556 1335 595 1414 (v.
612 1334 694 1413 686).
713 1336 863 1412 Distingue
877 1356 942 1393 curn
963 1341 1079 1397 Barthio
1095 1362 1102 1396 :
1119 1342 1224 1408 Crede,

185 1436 265 1487 licet:
278 1433 384 1487 venam.

226 1523 333 1579 Coelum
347 1535 487 1596 tenusque
501 1522 601 1596 reliqui
616 1518 655 1596 (v.
672 1517 752 1596 692).
767 1546 779 1570 α
794 1522 898 1577 Melior
911 1523 1051 1596 emphasis
1066 1523 1096 1578 in
1105 1524 1228 1580 lectione

185 1628 245 1689 opt.
261 1628 289 1671 et
315 1635 326 1671 1
344 1617 378 1672 al.
404 1634 411 1670 ε
431 1634 478 1669 «ο.
497 1627 657 1686 terramque
673 1632 734 1682 r.,1›
756 1613 786 1667 id
810 1624 851 1670 est
869 1615 1005 1670 elementa
1028 1615 1088 1690 ipsa
1106 1616 1178 1673 aeris
1199 1624 1228 1670 et

186 1718 266 1763 terrae
281 1728 288 1763 :
306 1726 396 1781 quum
416 1707 537 1762 alterum
557 1704 629 1760 illud
649 1703 780 1778 regiones
797 1715 908 1761 tuntum
920 1706 1046 1762 indicare
1065 1707 1226 1762 videatur.»

1068 1801 1177 1855 Birra.

225 1892 269 1945 Ne
290 1910 345 1946 non
360 1909 431 1965 gens
445 1889 483 1967 (v.
499 1888 578 1966 697)·
599 1891 644 1945 Sc.
667 1907 704 1944 an
723 1889 907 1945 metuendum
925 1892 994 1947 mihi
1019 1903 1073 1963 est,
1096 1911 1145 1963 ne,
1172 1903 1226 1948 etc.

185 1984 239 2036 ΜΒ
255 2002 261 2036 :
278 2003 338 2038 «an
352 2002 411 2039 non
426 2001 477 2056 g.»
494 1983 592 2038 Paullo
616 1992 683 2054 post
707 1980 736 2036 in
755 1981 858 2037 versib.
874 1982 933 2057 699
957 2004 1021 2058 sqq.
1043 1984 1135 2040 ironia
1155 1985 1228 2040 inest

187 2092 368 2130 amarissima.

224 2167 293 2239 Spes
307 2167 398 2221 anxia
412 2166 508 2220 morn's
529 2162 566 2240 (v.
584 2162 660 2239 715).
676 2163 723 2219 Sic
736 2163 822 2238 pauci
836 2166 921 2222 codd.
937 2177 979 2235 et,
993 2176 1025 2221 ut
1042 2166 1165 2237 videtur,
1184 2186 1225 2224 rc·

185 2257 333 2312 centiores.
355 2256 477 2330 Antiqui
492 2256 613 2327 Barthii,
627 2255 800 2327 Lindenbr.‚
813 2257 914 2313 Behot.
932 2279 939 2312 τ
954 2259 1128 2331 erpesr'rrr'ta
1145 2277 1200 2328 m.,
1215 2283 1226 2308 t

184 2350 266 2422 quod
279 2348 400 2404 offendit
414 2348 453 2404 ob
468 2367 589 2422 sequens
602 2349 732 2422 proxime
751 2349 847 2404 im‘tnr.
868 2349 926 2405 Sed
947 2350 1068 2423 optimc,
1085 2351 1227 2424 probante

184 2441 268 2495 etiam
287 2441 495 2510 Web.‚1³etr.,
515 2442 583 2513 ch.
612 2459 640 2508 1,
661 2451 690 2495 et
715 2458 770 2512 pro
790 2459 817 2496 v.
834 2443 852 2497 l.
873 2443 970 2497 Burin.
990 2464 997 2497 :
1017 2461 1100 2516 «spes
1119 2462 1226 2518 aspero

183 2550 262 2602 m.,»
279 2533 363 2604 plane
375 2540 408 2585 ut
426 2530 515 2600 infra,
529 2530 659 2606 aegregii
677 2549 741 2605 spes
760 2531 834 2587 dura
854 2532 991 2605 pericli,»
1010 2553 1068 2604 xri,
1088 2553 1149 2609 ¹79·

223 2623 293 2675 lura
316 2635 344 2677 et
359 2621 538 2695 poscentibus
558 2640 655 2695 oequus
678 2619 716 2696 (v.
742 2620 820 2698 721).
850 2623 936 2677 Multi
959 2624 1043 2678 codd.
1071 2643 1104 2678 ex
1126 2624 1226 2693 bonis,

184 2713 268 2766 etium
287 2715 406 2787 ultegg.
431 2734 437 2766 :
457 2724 507 2767 eet
519 2712 585 2783 jura
602 2711 788 2785 potentibus,
804 2735 817 2761 ι
843 2712 893 2767 sed
912 2731 1011 2768 vocem
1033 2732 1131 2787 oequus
1149 2715 1225 2770 varie

185 2814 308 2873 mutant,
328 2805 439 2860 turbata
461 2804 529 2861 olim
551 2803 749 2873 distinctione,
768 2822 855 2878 quarn
875 2804 915 2860 ita
935 2804 1103 2861 instauravit
1123 2806 1224 2862 Markl.

184 2898 226 2950 ad
237 2897 316 2964 Silae,
331 2915 371 2964 ιν,
386 2896 421 2964 6,
439 2896 476 2970 69
492 2916 498 2949 :

290 3115 296 3125 .
312 3113 319 3125 .
336 3114 342 3124 .
360 3112 365 3124 .
381 3080 458 3142 Opem
468 3076 559 3125 miseris
575 3086 599 3126 et
611 3078 679 3143 jure,
695 3075 832 3142 potentibus
846 3092 926 3142 equus

291 3159 503 3227 suppliciumque,
518 3159 589 3210 diluat
604 3176 610 3208 :

184 3343 321 3398 sententia
342 3340 470 3418 egregia!
492 3342 563 3398 lnde
586 3359 656 3397 vero
679 3340 760 3395 facile
784 3351 902 3413 apparet
927 3340 1077 3413 quomodo
1102 3341 1137 3394 sit
1162 3352 1224 3396 orta

184 3434 268 3489 lectio
287 3436 408 3509 vulgatu.

225 3525 284 3580 Nec
306 3529 391 3601 longa
407 3547 563 3602 precamur
583 3526 686 3592 Dona,
704 3523 816 3580 Creon:
834 3524 966 3579 miserere
986 3525 1061 3579 senis
1080 3528 1225 3601 moestc'que

182 3620 309 3690 parentis
318 3615 355 3694 (v.
365 3619 422 3690 736
431 3618 495 3697 ες.)
507 3619 586 3689 Quid
596 3618 670 3673 inter
682 3618 741 3673 haec
757 3630 872 3671 moestus
879 3621 1010 3692 parens?
1024 3616 1130 3673 Mirum
1144 3619 1224 3692 quod

185 3709 392 3782 obtemperavit
407 3730 491 3766 nemo
507 3711 639 3766 codicum
659 3728 738 3783 paene
752 3707 879 3764 omnium
892 3709 1056 3783 scripture:
1071 3711 1224 3767 «miserere

184 3799 447 3875 senis‚moeotosque
461 3802 593 3875 parentis.
604 3802 670 3869 llic,
680 3819 792 3874 precor,
800 3800 847 3856 hic
855 3819 950 3857 manes
963 3802 1078 3876 indulge
1087 3821 1224 3875 ponere.»

228 3891 505 3969 Viresqueprroctns
524 3891 562 3968 (v.
580 3891 656 3967 746).
672 3891 778 3948 Barthii
794 3909 905 3962 ornnes,
916 3910 932 3947 α
943 3896 1031 3968 Regg.
1052 3903 1080 3947 et
1099 3894 1133 3951 al.
1150 3913 1157 3947 :
1172 3911 1219 3947 «v.

184 3984 319 4041 solutas.»
745 3984 750 3988 '
