<?xml version="1.0" encoding="UTF-8"?>
<!DOCTYPE html PUBLIC "-//W3C//DTD XHTML 1.0 Transitional//EN"
    "http://www.w3.org/TR/xhtml1/DTD/xhtml1-transitional.dtd">
<html xmlns="http://www.w3.org/1999/xhtml" xml:lang="en" lang="en">
 <head>
  <title>
</title>
<meta http-equiv="Content-Type" content="text/html;charset=utf-8" />
  <meta name='ocr-system' content='tesseract 3.04.00' />
  <meta name='ocr-capabilities' content='ocr_page ocr_carea ocr_par ocr_line ocrx_word'/>
</head>
<body>
  <div class='ocr_page' id='page_1' title='image "./publiipapiniist01statgoog_0258.png"; bbox 0 0 2812 5258; ppageno 0'>
   <div class='ocr_carea' id='block_1_1' title="bbox 322 464 976 540">
    <p class='ocr_par' dir='ltr' id='par_1_1' title="bbox 322 464 976 540">
     <span class='ocr_line' id='line_1_1' title="bbox 322 464 976 540; baseline -0.008 -15"><span class='ocrx_word' id='word_1_1' title='bbox 322 470 376 540; x_wconf 64' lang='grc' dir='ltr'>ηε</span> <span class='ocrx_word' id='word_1_2' title='bbox 686 464 976 522; x_wconf 77' lang='lat' dir='ltr'>sonoranoans</span> 
     </span>
    </p>
   </div>
   <div class='ocr_carea' id='block_1_2' title="bbox 319 581 1364 1635">
    <p class='ocr_par' dir='ltr' id='par_1_2' title="bbox 320 581 1364 735">
     <span class='ocr_line' id='line_1_2' title="bbox 362 581 1364 661; baseline 0.004 -21"><span class='ocrx_word' id='word_1_3' title='bbox 362 587 452 658; x_wconf 71' lang='lat' dir='ltr'>Lydas</span> <span class='ocrx_word' id='word_1_4' title='bbox 466 581 530 660; x_wconf 83' lang='lat' dir='ltr'>ripa</span> <span class='ocrx_word' id='word_1_5' title='bbox 544 593 580 661; x_wconf 83' lang='lat' dir='ltr'>(v.</span> <span class='ocrx_word' id='word_1_6' title='bbox 593 582 637 661; x_wconf 88' lang='lat'>6).</span> <span class='ocrx_word' id='word_1_7' title='bbox 657 583 730 656; x_wconf 82' lang='lat' dir='ltr'>Ripa</span> <span class='ocrx_word' id='word_1_8' title='bbox 742 581 881 652; x_wconf 82' lang='lat' dir='ltr'>Tibridis3</span> <span class='ocrx_word' id='word_1_9' title='bbox 894 593 1026 655; x_wconf 82' lang='lat' dir='ltr'>stagnum</span> <span class='ocrx_word' id='word_1_10' title='bbox 1043 584 1159 651; x_wconf 69' lang='lat' dir='ltr'>amab,</span> <span class='ocrx_word' id='word_1_11' title='bbox 1180 590 1364 647; x_wconf 74' lang='lat' dir='ltr'>naumachia</span> 
     </span>
     <span class='ocr_line' id='line_1_3' title="bbox 320 675 481 735; baseline -0.037 0"><span class='ocrx_word' id='word_1_12' title='bbox 320 675 481 735; x_wconf 85' lang='lat' dir='ltr'>Domitiani.</span> 
     </span>
    </p>

    <p class='ocr_par' dir='ltr' id='par_1_3' title="bbox 320 759 1363 1019">
     <span class='ocr_line' id='line_1_4' title="bbox 363 759 1363 840; baseline -0.01 -18"><span class='ocrx_word' id='word_1_13' title='bbox 363 769 459 824; x_wconf 78' lang='lat' dir='ltr'>Cessat</span> <span class='ocrx_word' id='word_1_14' title='bbox 472 766 586 821; x_wconf 81' lang='lat' dir='ltr'>Centeni</span> <span class='ocrx_word' id='word_1_15' title='bbox 596 764 764 820; x_wconf 82' lang='lat' dir='ltr'>moderatrie</span> <span class='ocrx_word' id='word_1_16' title='bbox 777 763 884 818; x_wconf 72' lang='lat' dir='ltr'>Iudices</span> <span class='ocrx_word' id='word_1_17' title='bbox 897 761 983 817; x_wconf 75' lang='lat' dir='ltr'>hasta</span> <span class='ocrx_word' id='word_1_18' title='bbox 997 759 1034 839; x_wconf 85' lang='lat' dir='ltr'>(r.</span> <span class='ocrx_word' id='word_1_19' title='bbox 1045 761 1103 840; x_wconf 73' lang='lat' dir='ltr'>aa).</span> <span class='ocrx_word' id='word_1_20' title='bbox 1117 763 1212 820; x_wconf 75' lang='lat' dir='ltr'>«Nam</span> <span class='ocrx_word' id='word_1_21' title='bbox 1225 767 1363 826; x_wconf 62' lang='lat' dir='ltr'>Max-001.</span> 
     </span>
     <span class='ocr_line' id='line_1_5' title="bbox 325 854 1362 931; baseline 0.003 -17"><span class='ocrx_word' id='word_1_22' title='bbox 325 862 369 915; x_wconf 88' lang='lat' dir='ltr'>lus</span> <span class='ocrx_word' id='word_1_23' title='bbox 377 859 431 914; x_wconf 79' lang='lat' dir='ltr'>fuir</span> <span class='ocrx_word' id='word_1_24' title='bbox 439 868 574 931; x_wconf 89' lang='lat' dir='ltr'>patronus</span> <span class='ocrx_word' id='word_1_25' title='bbox 585 857 614 911; x_wconf 91' lang='lat' dir='ltr'>in</span> <span class='ocrx_word' id='word_1_26' title='bbox 626 856 715 910; x_wconf 86' lang='lat' dir='ltr'>causis</span> <span class='ocrx_word' id='word_1_27' title='bbox 722 855 798 927; x_wconf 92' lang='lat' dir='ltr'>apud</span> <span class='ocrx_word' id='word_1_28' title='bbox 806 854 1008 924; x_wconf 87' lang='lat' dir='ltr'>centumviros,</span> <span class='ocrx_word' id='word_1_29' title='bbox 1018 872 1142 928; x_wconf 82' lang='lat' dir='ltr'>quonam</span> <span class='ocrx_word' id='word_1_30' title='bbox 1148 855 1266 928; x_wconf 87' lang='lat' dir='ltr'>judicia</span> <span class='ocrx_word' id='word_1_31' title='bbox 1279 878 1362 916; x_wconf 89' lang='lat' dir='ltr'>nune</span> 
     </span>
     <span class='ocr_line' id='line_1_6' title="bbox 320 944 1359 1019; baseline 0 -14"><span class='ocrx_word' id='word_1_32' title='bbox 320 949 469 1005; x_wconf 79' lang='lat' dir='ltr'><strong>cessabant.</strong></span> <span class='ocrx_word' id='word_1_33' title='bbox 484 948 508 1002; x_wconf 91' lang='lat' dir='ltr'>li</span> <span class='ocrx_word' id='word_1_34' title='bbox 526 948 603 1002; x_wconf 88' lang='lat' dir='ltr'>hasta</span> <span class='ocrx_word' id='word_1_35' title='bbox 615 946 768 1001; x_wconf 85' lang='lat' dir='ltr'>utebantur</span> <span class='ocrx_word' id='word_1_36' title='bbox 781 944 913 1019; x_wconf 72' lang='lat' dir='ltr'>insigni.»</span> <span class='ocrx_word' id='word_1_37' title='bbox 929 946 1037 1001; x_wconf 74' lang='lat' dir='ltr'>Doarr.</span> <span class='ocrx_word' id='word_1_38' title='bbox 1053 947 1088 1001; x_wconf 87' lang='lat' dir='ltr'>V.</span> <span class='ocrx_word' id='word_1_39' title='bbox 1103 944 1205 1002; x_wconf 85' lang='lat' dir='ltr'>citatos</span> <span class='ocrx_word' id='word_1_40' title='bbox 1224 964 1245 1003; x_wconf 86' lang='lat' dir='ltr'>a</span> <span class='ocrx_word' id='word_1_41' title='bbox 1259 950 1359 1005; x_wconf 79' lang='lat' dir='ltr'>Barth.</span> 
     </span>
    </p>

    <p class='ocr_par' dir='ltr' id='par_1_4' title="bbox 319 1031 1360 1635">
     <span class='ocr_line' id='line_1_7' title="bbox 358 1031 1360 1111; baseline 0.002 -18"><span class='ocrx_word' id='word_1_42' title='bbox 358 1040 489 1110; x_wconf 81' lang='lat' dir='ltr'>Latiique</span> <span class='ocrx_word' id='word_1_43' title='bbox 508 1038 585 1092; x_wconf 69' lang='lat' dir='ltr'>duces</span> <span class='ocrx_word' id='word_1_44' title='bbox 601 1038 628 1090; x_wconf 81' lang='lat' dir='ltr'>si</span> <span class='ocrx_word' id='word_1_45' title='bbox 645 1038 759 1090; x_wconf 84' lang='lat' dir='ltr'>rrumr&#39;rra</span> <span class='ocrx_word' id='word_1_46' title='bbox 778 1047 901 1109; x_wconf 77' lang='lat' dir='ltr'>pergent</span> <span class='ocrx_word' id='word_1_47' title='bbox 915 1031 953 1109; x_wconf 83' lang='lat' dir='ltr'>(v.</span> <span class='ocrx_word' id='word_1_48' title='bbox 974 1032 1031 1111; x_wconf 82' lang='lat'><strong>57).</strong></span> <span class='ocrx_word' id='word_1_49' title='bbox 1047 1035 1093 1090; x_wconf 89' lang='lat' dir='ltr'>Sic</span> <span class='ocrx_word' id='word_1_50' title='bbox 1108 1036 1213 1092; x_wconf 80' lang='lat' dir='ltr'>Markl.</span> <span class='ocrx_word' id='word_1_51' title='bbox 1222 1038 1287 1093; x_wconf 85' lang='lat' dir='ltr'>Sed</span> <span class='ocrx_word' id='word_1_52' title='bbox 1299 1040 1360 1096; x_wconf 70' lang='lat' dir='ltr'>haec</span> 
     </span>
     <span class='ocr_line' id='line_1_8' title="bbox 319 1122 1357 1201; baseline 0.003 -17"><span class='ocrx_word' id='word_1_53' title='bbox 319 1129 350 1184; x_wconf 93' lang='lat' dir='ltr'>in</span> <span class='ocrx_word' id='word_1_54' title='bbox 365 1128 528 1183; x_wconf 90' lang='lat' dir='ltr'>conditione</span> <span class='ocrx_word' id='word_1_55' title='bbox 539 1128 631 1201; x_wconf 89' lang='lat' dir='ltr'>posita</span> <span class='ocrx_word' id='word_1_56' title='bbox 648 1127 768 1182; x_wconf 85' lang='lat' dir='ltr'>scribere</span> <span class='ocrx_word' id='word_1_57' title='bbox 783 1145 842 1181; x_wconf 93' lang='lat' dir='ltr'>non</span> <span class='ocrx_word' id='word_1_58' title='bbox 860 1122 955 1198; x_wconf 88' lang='lat' dir='ltr'>potuit</span> <span class='ocrx_word' id='word_1_59' title='bbox 976 1127 1088 1182; x_wconf 80' lang='lat' dir='ltr'>Statius.</span> <span class='ocrx_word' id='word_1_60' title='bbox 1108 1129 1280 1187; x_wconf 86' lang='lat' dir='ltr'>Deserenda</span> <span class='ocrx_word' id='word_1_61' title='bbox 1298 1150 1357 1187; x_wconf 88' lang='lat' dir='ltr'>non</span> 
     </span>
     <span class='ocr_line' id='line_1_9' title="bbox 322 1217 1358 1296; baseline -0.003 -22"><span class='ocrx_word' id='word_1_62' title='bbox 322 1230 382 1274; x_wconf 88' lang='lat' dir='ltr'>erat</span> <span class='ocrx_word' id='word_1_63' title='bbox 404 1220 534 1275; x_wconf 88' lang='lat' dir='ltr'>codicum</span> <span class='ocrx_word' id='word_1_64' title='bbox 553 1229 580 1274; x_wconf 88' lang='lat' dir='ltr'>et</span> <span class='ocrx_word' id='word_1_65' title='bbox 602 1218 667 1273; x_wconf 91' lang='lat' dir='ltr'>edd.</span> <span class='ocrx_word' id='word_1_66' title='bbox 688 1217 812 1272; x_wconf 90' lang='lat' dir='ltr'>omnium</span> <span class='ocrx_word' id='word_1_67' title='bbox 833 1217 915 1272; x_wconf 86' lang='lat' dir='ltr'>lectio</span> <span class='ocrx_word' id='word_1_68' title='bbox 939 1236 975 1271; x_wconf 73' lang='lat' dir='ltr'>:a</span> <span class='ocrx_word' id='word_1_69' title='bbox 991 1218 1023 1271; x_wconf 91' lang='lat' dir='ltr'>L.</span> <span class='ocrx_word' id='word_1_70' title='bbox 1043 1217 1072 1272; x_wconf 91' lang='lat' dir='ltr'>d.</span> <span class='ocrx_word' id='word_1_71' title='bbox 1087 1219 1128 1272; x_wconf 86' lang='lat' dir='ltr'>sic</span> <span class='ocrx_word' id='word_1_72' title='bbox 1145 1220 1273 1277; x_wconf 75' lang='lat' dir='ltr'>numina</span> <span class='ocrx_word' id='word_1_73' title='bbox 1289 1240 1358 1296; x_wconf 53' lang='lat' dir='ltr'>pun</span> 
     </span>
     <span class='ocr_line' id='line_1_10' title="bbox 324 1308 1292 1386; baseline 0.005 -21"><span class='ocrx_word' id='word_1_74' title='bbox 324 1320 391 1386; x_wconf 88' lang='lat' dir='ltr'>gant</span> <span class='ocrx_word' id='word_1_75' title='bbox 405 1331 412 1364; x_wconf 90' lang='lat'><strong>:</strong></span> <span class='ocrx_word' id='word_1_76' title='bbox 426 1334 438 1361; x_wconf 72' lang='lat' dir='ltr'>s</span> <span class='ocrx_word' id='word_1_77' title='bbox 455 1321 483 1366; x_wconf 89' lang='lat' dir='ltr'>et</span> <span class='ocrx_word' id='word_1_78' title='bbox 499 1309 671 1383; x_wconf 81' lang='lat' dir='ltr'>parenthesis</span> <span class='ocrx_word' id='word_1_79' title='bbox 684 1308 769 1383; x_wconf 85' lang='lat' dir='ltr'>signis</span> <span class='ocrx_word' id='word_1_80' title='bbox 781 1309 839 1363; x_wconf 85' lang='lat' dir='ltr'>haec</span> <span class='ocrx_word' id='word_1_81' title='bbox 856 1308 1027 1363; x_wconf 89' lang='lat' dir='ltr'>includenda</span> <span class='ocrx_word' id='word_1_82' title='bbox 1040 1327 1131 1382; x_wconf 88' lang='lat' dir='ltr'>usqne</span> <span class='ocrx_word' id='word_1_83' title='bbox 1146 1310 1185 1365; x_wconf 86' lang='lat' dir='ltr'>ad</span> <span class='ocrx_word' id='word_1_84' title='bbox 1199 1330 1228 1369; x_wconf 82' lang='lat' dir='ltr'>v.</span> <span class='ocrx_word' id='word_1_85' title='bbox 1249 1314 1292 1369; x_wconf 84' lang='lat'>60</span> 
     </span>
     <span class='ocr_line' id='line_1_11' title="bbox 323 1398 1357 1472; baseline 0.005 -17"><span class='ocrx_word' id='word_1_86' title='bbox 323 1419 451 1455; x_wconf 78' lang='lat' dir='ltr'>renovare</span> <span class='ocrx_word' id='word_1_87' title='bbox 466 1401 570 1455; x_wconf 83' lang='lat' dir='ltr'>latr&#39;rroe.</span> <span class='ocrx_word' id='word_1_88' title='bbox 592 1401 653 1468; x_wconf 85' lang='lat' dir='ltr'>Sic,</span> <span class='ocrx_word' id='word_1_89' title='bbox 673 1398 730 1454; x_wconf 91' lang='lat' dir='ltr'>scil.</span> <span class='ocrx_word' id='word_1_90' title='bbox 752 1408 785 1453; x_wconf 91' lang='lat' dir='ltr'>nt</span> <span class='ocrx_word' id='word_1_91' title='bbox 805 1417 839 1453; x_wconf 90' lang='lat' dir='ltr'>ex</span> <span class='ocrx_word' id='word_1_92' title='bbox 857 1399 951 1454; x_wconf 88' lang='lat' dir='ltr'>animo</span> <span class='ocrx_word' id='word_1_93' title='bbox 963 1416 1074 1472; x_wconf 81' lang='lat' dir='ltr'><strong>precor.</strong></span> <span class='ocrx_word' id='word_1_94' title='bbox 1091 1400 1166 1456; x_wconf 83' lang='lat' dir='ltr'>Usus</span> <span class='ocrx_word' id='word_1_95' title='bbox 1177 1401 1227 1457; x_wconf 88' lang='lat' dir='ltr'>hic</span> <span class='ocrx_word' id='word_1_96' title='bbox 1244 1406 1357 1460; x_wconf 67' lang='lat' dir='ltr'>vocula</span> 
     </span>
     <span class='ocr_line' id='line_1_12' title="bbox 321 1489 1356 1567; baseline 0.007 -24"><span class='ocrx_word' id='word_1_97' title='bbox 321 1491 362 1544; x_wconf 80' lang='lat' dir='ltr'>sic</span> <span class='ocrx_word' id='word_1_98' title='bbox 380 1489 410 1544; x_wconf 95' lang='lat' dir='ltr'>in</span> <span class='ocrx_word' id='word_1_99' title='bbox 424 1490 631 1563; x_wconf 83' lang='lat' dir='ltr'>precationibus</span> <span class='ocrx_word' id='word_1_100' title='bbox 647 1499 731 1544; x_wconf 88' lang='lat' dir='ltr'>notus</span> <span class='ocrx_word' id='word_1_101' title='bbox 745 1498 773 1545; x_wconf 92' lang='lat' dir='ltr'>et</span> <span class='ocrx_word' id='word_1_102' title='bbox 789 1490 853 1562; x_wconf 87' lang='lat' dir='ltr'>plus</span> <span class='ocrx_word' id='word_1_103' title='bbox 866 1489 931 1544; x_wconf 87' lang='lat' dir='ltr'>satis</span> <span class='ocrx_word' id='word_1_104' title='bbox 947 1489 1100 1563; x_wconf 82' lang='lat' dir='ltr'>explicatus</span> <span class='ocrx_word' id='word_1_105' title='bbox 1120 1490 1159 1545; x_wconf 81' lang='lat' dir='ltr'>ab</span> <span class='ocrx_word' id='word_1_106' title='bbox 1174 1492 1307 1567; x_wconf 75' lang='lat' dir='ltr'>inteapp.</span> <span class='ocrx_word' id='word_1_107' title='bbox 1319 1494 1356 1551; x_wconf 87' lang='lat' dir='ltr'>ad</span> 
     </span>
     <span class='ocr_line' id='line_1_13' title="bbox 322 1580 576 1635; baseline -0.008 0"><span class='ocrx_word' id='word_1_108' title='bbox 322 1580 433 1635; x_wconf 80' lang='lat' dir='ltr'>Horatii</span> <span class='ocrx_word' id='word_1_109' title='bbox 446 1598 576 1635; x_wconf 75' lang='lat' dir='ltr'>carmem</span> 
     </span>
    </p>
   </div>
   <div class='ocr_carea' id='block_1_3' title="bbox 424 1761 745 1830">
    <p class='ocr_par' dir='ltr' id='par_1_5' title="bbox 424 1761 745 1830">
     <span class='ocr_line' id='line_1_14' title="bbox 424 1761 745 1830; baseline 0.006 -18"><span class='ocrx_word' id='word_1_110' title='bbox 424 1761 463 1813; x_wconf 85' lang='lat' dir='ltr'>Sic</span> <span class='ocrx_word' id='word_1_111' title='bbox 473 1771 497 1813; x_wconf 88' lang='lat' dir='ltr'>te</span> <span class='ocrx_word' id='word_1_112' title='bbox 507 1761 563 1813; x_wconf 84' lang='lat' dir='ltr'>diva</span> <span class='ocrx_word' id='word_1_113' title='bbox 571 1771 654 1829; x_wconf 84' lang='lat' dir='ltr'>potens</span> <span class='ocrx_word' id='word_1_114' title='bbox 664 1763 745 1830; x_wconf 79' lang='lat' dir='ltr'>Cypri.</span> 
     </span>
    </p>
   </div>
   <div class='ocr_carea' id='block_1_4' title="bbox 319 1924 1352 4070">
    <p class='ocr_par' dir='ltr' id='par_1_6' title="bbox 319 1924 1351 3091">
     <span class='ocr_line' id='line_1_15' title="bbox 362 1924 1350 2003; baseline 0.005 -23"><span class='ocrx_word' id='word_1_115' title='bbox 362 1927 457 1980; x_wconf 80' lang='lat' dir='ltr'>Pascit</span> <span class='ocrx_word' id='word_1_116' title='bbox 467 1945 549 1992; x_wconf 82' lang='lat' dir='ltr'>aras,</span> <span class='ocrx_word' id='word_1_117' title='bbox 563 1936 738 2000; x_wconf 69' lang='lat' dir='ltr'>praestatque</span> <span class='ocrx_word' id='word_1_118' title='bbox 750 1926 829 1980; x_wconf 87' lang='lat' dir='ltr'>domi</span> <span class='ocrx_word' id='word_1_119' title='bbox 845 1926 950 1982; x_wconf 76' lang='lat' dir='ltr'>novisse</span> <span class='ocrx_word' id='word_1_120' title='bbox 969 1925 1121 2000; x_wconf 75' lang='lat' dir='ltr'>triumphos</span> <span class='ocrx_word' id='word_1_121' title='bbox 1135 1924 1177 2003; x_wconf 84' lang='lat' dir='ltr'>(r.</span> <span class='ocrx_word' id='word_1_122' title='bbox 1201 1924 1264 2003; x_wconf 81' lang='lat'>73).</span> <span class='ocrx_word' id='word_1_123' title='bbox 1284 1931 1350 2000; x_wconf 71' lang='lat' dir='ltr'>Qut</span> 
     </span>
     <span class='ocr_line' id='line_1_16' title="bbox 319 2016 1349 2093; baseline 0.005 -21"><span class='ocrx_word' id='word_1_124' title='bbox 319 2035 379 2072; x_wconf 92' lang='lat' dir='ltr'>non</span> <span class='ocrx_word' id='word_1_125' title='bbox 403 2017 555 2092; x_wconf 89' lang='lat' dir='ltr'>intelligere</span> <span class='ocrx_word' id='word_1_126' title='bbox 576 2036 605 2073; x_wconf 88' lang='lat' dir='ltr'>se</span> <span class='ocrx_word' id='word_1_127' title='bbox 627 2017 730 2072; x_wconf 83' lang='lat' dir='ltr'>latetur</span> <span class='ocrx_word' id='word_1_128' title='bbox 754 2016 855 2073; x_wconf 81' lang='lat' dir='ltr'>Marll.</span> <span class='ocrx_word' id='word_1_129' title='bbox 877 2017 1047 2090; x_wconf 84' lang='lat' dir='ltr'>Explicarim</span> <span class='ocrx_word' id='word_1_130' title='bbox 1064 2017 1120 2087; x_wconf 76' lang='lat' dir='ltr'>ita,</span> <span class='ocrx_word' id='word_1_131' title='bbox 1140 2036 1241 2093; x_wconf 85' lang='lat' dir='ltr'>neque</span> <span class='ocrx_word' id='word_1_132' title='bbox 1259 2030 1349 2077; x_wconf 81' lang='lat' dir='ltr'>umen</span> 
     </span>
     <span class='ocr_line' id='line_1_17' title="bbox 320 2108 1350 2182; baseline 0.005 -19"><span class='ocrx_word' id='word_1_133' title='bbox 320 2110 403 2181; x_wconf 88' lang='lat' dir='ltr'>plane</span> <span class='ocrx_word' id='word_1_134' title='bbox 416 2109 484 2163; x_wconf 89' lang='lat' dir='ltr'>mihi</span> <span class='ocrx_word' id='word_1_135' title='bbox 501 2109 639 2164; x_wconf 85' lang='lat' dir='ltr'>satisfacio</span> <span class='ocrx_word' id='word_1_136' title='bbox 654 2128 661 2163; x_wconf 76' lang='grc' dir='ltr'><em>τ</em></span> <span class='ocrx_word' id='word_1_137' title='bbox 676 2111 754 2164; x_wconf 77' lang='lat' dir='ltr'>Avus</span> <span class='ocrx_word' id='word_1_138' title='bbox 763 2109 817 2163; x_wconf 92' lang='lat' dir='ltr'>tibi</span> <span class='ocrx_word' id='word_1_139' title='bbox 829 2109 884 2163; x_wconf 89' lang='lat' dir='ltr'>hoc</span> <span class='ocrx_word' id='word_1_140' title='bbox 901 2118 1028 2182; x_wconf 73' lang='lat' dir='ltr'>praestat,</span> <span class='ocrx_word' id='word_1_141' title='bbox 1041 2108 1100 2164; x_wconf 85' lang='lat' dir='ltr'>sire</span> <span class='ocrx_word' id='word_1_142' title='bbox 1107 2108 1176 2177; x_wconf 87' lang='lat' dir='ltr'>dat,</span> <span class='ocrx_word' id='word_1_143' title='bbox 1185 2110 1270 2167; x_wconf 81' lang='lat' dir='ltr'>iactis</span> <span class='ocrx_word' id='word_1_144' title='bbox 1278 2112 1350 2177; x_wconf 83' lang='lat' dir='ltr'>suis,</span> 
     </span>
     <span class='ocr_line' id='line_1_18' title="bbox 320 2198 1349 2275; baseline 0.004 -22"><span class='ocrx_word' id='word_1_145' title='bbox 320 2209 365 2266; x_wconf 90' lang='lat' dir='ltr'>ut,</span> <span class='ocrx_word' id='word_1_146' title='bbox 380 2217 452 2272; x_wconf 89' lang='lat' dir='ltr'>quos</span> <span class='ocrx_word' id='word_1_147' title='bbox 474 2199 520 2254; x_wconf 88' lang='lat' dir='ltr'>alii</span> <span class='ocrx_word' id='word_1_148' title='bbox 539 2199 607 2254; x_wconf 84' lang='lat' dir='ltr'>soris</span> <span class='ocrx_word' id='word_1_149' title='bbox 626 2217 750 2272; x_wconf 77' lang='lat' dir='ltr'>quaerere</span> <span class='ocrx_word' id='word_1_150' title='bbox 769 2209 798 2253; x_wconf 94' lang='lat' dir='ltr'>et</span> <span class='ocrx_word' id='word_1_151' title='bbox 818 2216 987 2274; x_wconf 80' lang='lat' dir='ltr'>cognoscere</span> <span class='ocrx_word' id='word_1_152' title='bbox 1003 2198 1121 2267; x_wconf 86' lang='lat' dir='ltr'>debent,</span> <span class='ocrx_word' id='word_1_153' title='bbox 1142 2208 1179 2254; x_wconf 86' lang='lat' dir='ltr'>tu</span> <span class='ocrx_word' id='word_1_154' title='bbox 1198 2202 1281 2256; x_wconf 72' lang='lat' dir='ltr'>dorii</span> <span class='ocrx_word' id='word_1_155' title='bbox 1294 2202 1349 2275; x_wconf 79' lang='lat' dir='ltr'>jam</span> 
     </span>
     <span class='ocr_line' id='line_1_19' title="bbox 320 2289 1348 2363; baseline 0.002 -20"><span class='ocrx_word' id='word_1_156' title='bbox 320 2289 416 2344; x_wconf 79' lang='lat' dir='ltr'>rideas</span> <span class='ocrx_word' id='word_1_157' title='bbox 425 2300 452 2344; x_wconf 92' lang='lat' dir='ltr'>et</span> <span class='ocrx_word' id='word_1_158' title='bbox 464 2290 576 2344; x_wconf 85' lang='lat' dir='ltr'>noveris</span> <span class='ocrx_word' id='word_1_159' title='bbox 590 2290 759 2361; x_wconf 83' lang='lat' dir='ltr'>triumphos3</span> <span class='ocrx_word' id='word_1_160' title='bbox 768 2290 835 2360; x_wconf 88' lang='lat' dir='ltr'>sive,</span> <span class='ocrx_word' id='word_1_161' title='bbox 849 2291 904 2345; x_wconf 88' lang='lat' dir='ltr'>hoc</span> <span class='ocrx_word' id='word_1_162' title='bbox 913 2290 963 2344; x_wconf 89' lang='lat' dir='ltr'>tibi</span> <span class='ocrx_word' id='word_1_163' title='bbox 976 2300 1086 2363; x_wconf 80' lang='lat' dir='ltr'>praestat</span> <span class='ocrx_word' id='word_1_164' title='bbox 1099 2302 1198 2363; x_wconf 85' lang='lat' dir='ltr'>pater,</span> <span class='ocrx_word' id='word_1_165' title='bbox 1211 2302 1245 2347; x_wconf 88' lang='lat' dir='ltr'>ut</span> <span class='ocrx_word' id='word_1_166' title='bbox 1259 2291 1348 2359; x_wconf 88' lang='lat' dir='ltr'>dorni,</span> 
     </span>
     <span class='ocr_line' id='line_1_20' title="bbox 325 2380 1345 2457; baseline 0 -22"><span class='ocrx_word' id='word_1_167' title='bbox 325 2382 369 2435; x_wconf 87' lang='lat' dir='ltr'>vel</span> <span class='ocrx_word' id='word_1_168' title='bbox 385 2380 443 2434; x_wconf 87' lang='lat' dir='ltr'>sine</span> <span class='ocrx_word' id='word_1_169' title='bbox 457 2381 637 2453; x_wconf 84' lang='lat' dir='ltr'>expeditione</span> <span class='ocrx_word' id='word_1_170' title='bbox 651 2391 679 2435; x_wconf 86' lang='lat' dir='ltr'>et</span> <span class='ocrx_word' id='word_1_171' title='bbox 693 2382 885 2453; x_wconf 85' lang='lat' dir='ltr'>experimento</span> <span class='ocrx_word' id='word_1_172' title='bbox 899 2399 1056 2450; x_wconf 85' lang='lat' dir='ltr'>armorum,</span> <span class='ocrx_word' id='word_1_173' title='bbox 1072 2381 1131 2453; x_wconf 85' lang='lat' dir='ltr'>jam</span> <span class='ocrx_word' id='word_1_174' title='bbox 1146 2385 1265 2441; x_wconf 75' lang='lat' dir='ltr'>noveris</span> <span class='ocrx_word' id='word_1_175' title='bbox 1279 2382 1345 2457; x_wconf 86' lang='lat' dir='ltr'>quid</span> 
     </span>
     <span class='ocr_line' id='line_1_21' title="bbox 321 2471 1347 2547; baseline 0.004 -22"><span class='ocrx_word' id='word_1_176' title='bbox 321 2471 356 2526; x_wconf 87' lang='lat' dir='ltr'>sit</span> <span class='ocrx_word' id='word_1_177' title='bbox 373 2471 530 2543; x_wconf 89' lang='lat' dir='ltr'>triumphus</span> <span class='ocrx_word' id='word_1_178' title='bbox 549 2490 555 2524; x_wconf 76' lang='grc' dir='ltr'>ε</span> <span class='ocrx_word' id='word_1_179' title='bbox 570 2490 628 2543; x_wconf 87' lang='lat' dir='ltr'>quo</span> <span class='ocrx_word' id='word_1_180' title='bbox 641 2472 729 2545; x_wconf 89' lang='lat' dir='ltr'>magis</span> <span class='ocrx_word' id='word_1_181' title='bbox 743 2483 774 2526; x_wconf 89' lang='lat' dir='ltr'>tn</span> <span class='ocrx_word' id='word_1_182' title='bbox 787 2483 959 2545; x_wconf 82' lang='lat' dir='ltr'>praeparatus</span> <span class='ocrx_word' id='word_1_183' title='bbox 972 2472 1099 2529; x_wconf 83' lang='lat' dir='ltr'>militatis</span> <span class='ocrx_word' id='word_1_184' title='bbox 1111 2472 1210 2547; x_wconf 64' lang='lat' dir='ltr'>glorio</span> <span class='ocrx_word' id='word_1_185' title='bbox 1222 2474 1347 2531; x_wconf 81' lang='lat' dir='ltr'>curricu-</span> 
     </span>
     <span class='ocr_line' id='line_1_22' title="bbox 323 2561 1350 2637; baseline 0.004 -20"><span class='ocrx_word' id='word_1_186' title='bbox 323 2563 381 2617; x_wconf 87' lang='lat' dir='ltr'>lum</span> <span class='ocrx_word' id='word_1_187' title='bbox 402 2561 564 2637; x_wconf 79' lang='lat' dir='ltr'>ingrederis.</span> <span class='ocrx_word' id='word_1_188' title='bbox 579 2591 618 2601; x_wconf 88' lang='lat'><strong>—</strong></span> <span class='ocrx_word' id='word_1_189' title='bbox 637 2562 671 2614; x_wconf 91' lang='lat' dir='ltr'>V.</span> <span class='ocrx_word' id='word_1_190' title='bbox 692 2581 750 2634; x_wconf 88' lang='lat' dir='ltr'>seq.</span> <span class='ocrx_word' id='word_1_191' title='bbox 767 2563 945 2635; x_wconf 78' lang='lat' dir='ltr'>deprehende</span> <span class='ocrx_word' id='word_1_192' title='bbox 966 2574 1008 2619; x_wconf 86' lang='lat' dir='ltr'>est</span> <span class='ocrx_word' id='word_1_193' title='bbox 1028 2574 1151 2634; x_wconf 85' lang='lat' dir='ltr'>sectare,</span> <span class='ocrx_word' id='word_1_194' title='bbox 1169 2568 1302 2621; x_wconf 71' lang='lat' dir='ltr'>mulene</span> <span class='ocrx_word' id='word_1_195' title='bbox 1321 2576 1350 2621; x_wconf 90' lang='lat' dir='ltr'>et</span> 
     </span>
     <span class='ocr_line' id='line_1_23' title="bbox 322 2652 1350 2727; baseline 0 -18"><span class='ocrx_word' id='word_1_196' title='bbox 322 2671 477 2727; x_wconf 82' lang='lat' dir='ltr'>assequere.</span> <span class='ocrx_word' id='word_1_197' title='bbox 496 2652 605 2707; x_wconf 86' lang='lat' dir='ltr'>Deinde</span> <span class='ocrx_word' id='word_1_198' title='bbox 619 2670 701 2706; x_wconf 81' lang='lat' dir='ltr'>versu</span> <span class='ocrx_word' id='word_1_199' title='bbox 717 2653 752 2722; x_wconf 89' lang='lat'>76</span> <span class='ocrx_word' id='word_1_200' title='bbox 768 2653 912 2727; x_wconf 87' lang='lat' dir='ltr'>antiquam</span> <span class='ocrx_word' id='word_1_201' title='bbox 931 2654 1094 2724; x_wconf 88' lang='lat' dir='ltr'>lectionem,</span> <span class='ocrx_word' id='word_1_202' title='bbox 1106 2670 1214 2709; x_wconf 70' lang='lat' dir='ltr'>azoara</span> <span class='ocrx_word' id='word_1_203' title='bbox 1224 2670 1282 2725; x_wconf 90' lang='lat' dir='ltr'>pro</span> <span class='ocrx_word' id='word_1_204' title='bbox 1295 2674 1350 2709; x_wconf 85' lang='lat' dir='ltr'>cu-</span> 
     </span>
     <span class='ocr_line' id='line_1_24' title="bbox 322 2742 1350 2819; baseline 0.005 -22"><span class='ocrx_word' id='word_1_205' title='bbox 322 2745 386 2808; x_wconf 87' lang='lat' dir='ltr'>ria,</span> <span class='ocrx_word' id='word_1_206' title='bbox 407 2742 588 2798; x_wconf 86' lang='lat' dir='ltr'>Marklandns</span> <span class='ocrx_word' id='word_1_207' title='bbox 609 2753 706 2817; x_wconf 81' lang='lat' dir='ltr'>argute</span> <span class='ocrx_word' id='word_1_208' title='bbox 730 2744 926 2799; x_wconf 85' lang='lat' dir='ltr'>calumniando</span> <span class='ocrx_word' id='word_1_209' title='bbox 949 2744 1077 2814; x_wconf 88' lang='lat' dir='ltr'>damnat,</span> <span class='ocrx_word' id='word_1_210' title='bbox 1099 2742 1238 2819; x_wconf 81' lang='lat' dir='ltr'>quamsit</span> <span class='ocrx_word' id='word_1_211' title='bbox 1259 2743 1350 2802; x_wconf 88' lang='lat' dir='ltr'>unice</span> 
     </span>
     <span class='ocr_line' id='line_1_25' title="bbox 321 2833 1350 2908; baseline 0.004 -22"><span class='ocrx_word' id='word_1_212' title='bbox 321 2850 397 2887; x_wconf 81' lang='lat' dir='ltr'>vera.</span> <span class='ocrx_word' id='word_1_213' title='bbox 419 2833 474 2887; x_wconf 90' lang='lat' dir='ltr'>Sed</span> <span class='ocrx_word' id='word_1_214' title='bbox 493 2834 556 2887; x_wconf 90' lang='lat' dir='ltr'>talia</span> <span class='ocrx_word' id='word_1_215' title='bbox 577 2852 634 2888; x_wconf 92' lang='lat' dir='ltr'>non</span> <span class='ocrx_word' id='word_1_216' title='bbox 648 2833 802 2906; x_wconf 84' lang='lat' dir='ltr'>tangimus,</span> <span class='ocrx_word' id='word_1_217' title='bbox 816 2835 1001 2908; x_wconf 87' lang='lat' dir='ltr'>ubicumque,</span> <span class='ocrx_word' id='word_1_218' title='bbox 1020 2852 1084 2908; x_wconf 70' lang='lat' dir='ltr'>quie</span> <span class='ocrx_word' id='word_1_219' title='bbox 1099 2833 1146 2889; x_wconf 89' lang='lat' dir='ltr'>ille</span> <span class='ocrx_word' id='word_1_220' title='bbox 1168 2834 1302 2906; x_wconf 78' lang='lat' dir='ltr'>reposuit</span> <span class='ocrx_word' id='word_1_221' title='bbox 1319 2836 1350 2891; x_wconf 89' lang='lat' dir='ltr'>in</span> 
     </span>
     <span class='ocr_line' id='line_1_26' title="bbox 322 2923 1351 2998; baseline 0.004 -19"><span class='ocrx_word' id='word_1_222' title='bbox 322 2923 426 2991; x_wconf 89' lang='lat' dir='ltr'>Statio,</span> <span class='ocrx_word' id='word_1_223' title='bbox 440 2923 498 2978; x_wconf 89' lang='lat' dir='ltr'>sine</span> <span class='ocrx_word' id='word_1_224' title='bbox 512 2924 667 2979; x_wconf 80' lang='lat' dir='ltr'>ofsensione</span> <span class='ocrx_word' id='word_1_225' title='bbox 675 2924 732 2998; x_wconf 81' lang='lat' dir='ltr'>legi</span> <span class='ocrx_word' id='word_1_226' title='bbox 746 2937 880 2998; x_wconf 88' lang='lat' dir='ltr'>possunt:</span> <span class='ocrx_word' id='word_1_227' title='bbox 891 2926 1059 2981; x_wconf 85' lang='lat' dir='ltr'>mutationes</span> <span class='ocrx_word' id='word_1_228' title='bbox 1071 2924 1146 2981; x_wconf 87' lang='lat' dir='ltr'>enim</span> <span class='ocrx_word' id='word_1_229' title='bbox 1162 2924 1225 2997; x_wconf 74' lang='lat' dir='ltr'>eiua</span> <span class='ocrx_word' id='word_1_230' title='bbox 1237 2927 1351 2983; x_wconf 83' lang='lat' dir='ltr'>narrari</span> 
     </span>
     <span class='ocr_line' id='line_1_27' title="bbox 323 3015 1014 3091; baseline 0.004 -21"><span class='ocrx_word' id='word_1_231' title='bbox 323 3034 418 3070; x_wconf 88' lang='lat' dir='ltr'>omnes</span> <span class='ocrx_word' id='word_1_232' title='bbox 436 3015 489 3070; x_wconf 93' lang='lat' dir='ltr'>nisi</span> <span class='ocrx_word' id='word_1_233' title='bbox 502 3015 530 3069; x_wconf 88' lang='lat' dir='ltr'>in</span> <span class='ocrx_word' id='word_1_234' title='bbox 546 3017 632 3089; x_wconf 85' lang='lat' dir='ltr'>longo</span> <span class='ocrx_word' id='word_1_235' title='bbox 647 3017 847 3071; x_wconf 89' lang='lat' dir='ltr'>commentario</span> <span class='ocrx_word' id='word_1_236' title='bbox 861 3027 1014 3091; x_wconf 86' lang='lat' dir='ltr'>nequeunt</span> 
     </span>
    </p>

    <p class='ocr_par' dir='ltr' id='par_1_7' title="bbox 322 3104 1350 3271">
     <span class='ocr_line' id='line_1_28' title="bbox 362 3104 1348 3187; baseline 0.006 -26"><span class='ocrx_word' id='word_1_237' title='bbox 362 3108 476 3162; x_wconf 76' lang='lat' dir='ltr'>Fructus</span> <span class='ocrx_word' id='word_1_238' title='bbox 495 3106 542 3160; x_wconf 83' lang='lat' dir='ltr'>ubi</span> <span class='ocrx_word' id='word_1_239' title='bbox 565 3104 677 3160; x_wconf 79' lang='lat' dir='ltr'>Vesbr&#39;as</span> <span class='ocrx_word' id='word_1_240' title='bbox 689 3105 727 3181; x_wconf 80' lang='lat' dir='ltr'>(v.</span> <span class='ocrx_word' id='word_1_241' title='bbox 743 3105 798 3184; x_wconf 85' lang='lat'><strong>79).</strong></span> <span class='ocrx_word' id='word_1_242' title='bbox 813 3108 942 3162; x_wconf 81' lang='lat' dir='ltr'>imitatur</span> <span class='ocrx_word' id='word_1_243' title='bbox 962 3108 1057 3184; x_wconf 68' lang='lat' dir='ltr'>Virg,</span> <span class='ocrx_word' id='word_1_244' title='bbox 1067 3112 1143 3176; x_wconf 69' lang='lat' dir='ltr'>AEm,</span> <span class='ocrx_word' id='word_1_245' title='bbox 1161 3128 1220 3181; x_wconf 85' lang='grc' dir='ltr'>ιιι,</span> <span class='ocrx_word' id='word_1_246' title='bbox 1234 3110 1293 3184; x_wconf 80' lang='lat'>575</span> <span class='ocrx_word' id='word_1_247' title='bbox 1306 3131 1348 3187; x_wconf 86' lang='lat' dir='ltr'>sq.</span> 
     </span>
     <span class='ocr_line' id='line_1_29' title="bbox 322 3194 1350 3271; baseline 0.009 -21"><span class='ocrx_word' id='word_1_248' title='bbox 322 3198 357 3252; x_wconf 87' lang='lat' dir='ltr'>V.</span> <span class='ocrx_word' id='word_1_249' title='bbox 376 3200 470 3253; x_wconf 80' lang='lat' dir='ltr'>Gnos.</span> <span class='ocrx_word' id='word_1_250' title='bbox 481 3239 489 3266; x_wconf 90' lang='lat'>,</span> <span class='ocrx_word' id='word_1_251' title='bbox 501 3216 530 3270; x_wconf 90' lang='lat' dir='ltr'>p.</span> <span class='ocrx_word' id='word_1_252' title='bbox 545 3197 611 3271; x_wconf 70' lang='lat'><strong>269.</strong></span> <span class='ocrx_word' id='word_1_253' title='bbox 625 3194 785 3252; x_wconf 79' lang='lat' dir='ltr'>Wakefield.</span> <span class='ocrx_word' id='word_1_254' title='bbox 801 3198 838 3253; x_wconf 90' lang='lat' dir='ltr'>ad</span> <span class='ocrx_word' id='word_1_255' title='bbox 850 3200 977 3267; x_wconf 80' lang='lat' dir='ltr'>Lucret,</span> <span class='ocrx_word' id='word_1_256' title='bbox 991 3218 1018 3268; x_wconf 88' lang='grc' dir='ltr'>ι,</span> <span class='ocrx_word' id='word_1_257' title='bbox 1035 3208 1106 3270; x_wconf 69' lang='lat'>724,</span> <span class='ocrx_word' id='word_1_258' title='bbox 1119 3198 1224 3257; x_wconf 65' lang='lat' dir='ltr'>nsum</span> <span class='ocrx_word' id='word_1_259' title='bbox 1236 3222 1350 3259; x_wconf 76' lang='lat' dir='ltr'>nuens.</span> 
     </span>
    </p>

    <p class='ocr_par' dir='ltr' id='par_1_8' title="bbox 321 3287 1348 3538">
     <span class='ocr_line' id='line_1_30' title="bbox 362 3287 1348 3366; baseline 0.008 -23"><span class='ocrx_word' id='word_1_260' title='bbox 362 3289 546 3361; x_wconf 79' lang='lat' dir='ltr'>Proavitaqae</span> <span class='ocrx_word' id='word_1_261' title='bbox 565 3299 620 3343; x_wconf 88' lang='lat' dir='ltr'>toto</span> <span class='ocrx_word' id='word_1_262' title='bbox 633 3291 737 3344; x_wconf 81' lang='lat' dir='ltr'>Rura...</span> <span class='ocrx_word' id='word_1_263' title='bbox 751 3291 824 3344; x_wconf 78' lang='lat' dir='ltr'>mari</span> <span class='ocrx_word' id='word_1_264' title='bbox 835 3287 872 3366; x_wconf 85' lang='lat' dir='ltr'>(v.</span> <span class='ocrx_word' id='word_1_265' title='bbox 887 3288 945 3366; x_wconf 78' lang='lat'>83).</span> <span class='ocrx_word' id='word_1_266' title='bbox 959 3292 1036 3346; x_wconf 83' lang='lat' dir='ltr'>Rura</span> <span class='ocrx_word' id='word_1_267' title='bbox 1052 3308 1116 3364; x_wconf 69' lang='lat' dir='ltr'>qun</span> <span class='ocrx_word' id='word_1_268' title='bbox 1128 3291 1184 3349; x_wconf 79' lang='lat' dir='ltr'>siu</span> <span class='ocrx_word' id='word_1_269' title='bbox 1202 3304 1272 3350; x_wconf 82' lang='lat' dir='ltr'>aunt</span> <span class='ocrx_word' id='word_1_270' title='bbox 1288 3305 1348 3351; x_wconf 88' lang='lat' dir='ltr'>toto</span> 
     </span>
     <span class='ocr_line' id='line_1_31' title="bbox 322 3376 1348 3443; baseline 0.013 -13"><span class='ocrx_word' id='word_1_271' title='bbox 322 3376 370 3432; x_wconf 90' lang='lat' dir='ltr'>illo</span> <span class='ocrx_word' id='word_1_272' title='bbox 384 3387 475 3431; x_wconf 88' lang='lat' dir='ltr'>tractu</span> <span class='ocrx_word' id='word_1_273' title='bbox 483 3379 622 3432; x_wconf 88' lang='lat' dir='ltr'>maritimo</span> <span class='ocrx_word' id='word_1_274' title='bbox 630 3380 674 3433; x_wconf 81' lang='lat' dir='ltr'>rel</span> <span class='ocrx_word' id='word_1_275' title='bbox 690 3379 770 3434; x_wconf 90' lang='lat' dir='ltr'>litore</span> <span class='ocrx_word' id='word_1_276' title='bbox 785 3379 858 3435; x_wconf 88' lang='lat' dir='ltr'>circa</span> <span class='ocrx_word' id='word_1_277' title='bbox 872 3380 1034 3436; x_wconf 81' lang='lat' dir='ltr'>Vesuvium.</span> <span class='ocrx_word' id='word_1_278' title='bbox 1049 3383 1170 3438; x_wconf 84' lang='lat' dir='ltr'>Temere</span> <span class='ocrx_word' id='word_1_279' title='bbox 1177 3384 1348 3443; x_wconf 70' lang='lat' dir='ltr'>Matutam</span> 
     </span>
     <span class='ocr_line' id='line_1_32' title="bbox 321 3467 654 3538; baseline 0.009 -18"><span class='ocrx_word' id='word_1_280' title='bbox 321 3484 376 3538; x_wconf 90' lang='lat' dir='ltr'>pro</span> <span class='ocrx_word' id='word_1_281' title='bbox 392 3467 532 3538; x_wconf 75' lang='lat' dir='ltr'>coemptis</span> <span class='ocrx_word' id='word_1_282' title='bbox 548 3468 654 3523; x_wconf 91' lang='lat' dir='ltr'>habuit.</span> 
     </span>
    </p>

    <p class='ocr_par' dir='ltr' id='par_1_9' title="bbox 320 3559 1352 4070">
     <span class='ocr_line' id='line_1_33' title="bbox 360 3559 1349 3639; baseline 0.012 -27"><span class='ocrx_word' id='word_1_283' title='bbox 360 3559 466 3614; x_wconf 78' lang='lat' dir='ltr'>Procul</span> <span class='ocrx_word' id='word_1_284' title='bbox 478 3560 534 3611; x_wconf 86' lang='lat' dir='ltr'>ista</span> <span class='ocrx_word' id='word_1_285' title='bbox 548 3561 615 3625; x_wconf 76' lang='lat' dir='ltr'>aris,</span> <span class='ocrx_word' id='word_1_286' title='bbox 640 3560 749 3629; x_wconf 83' lang='lat' dir='ltr'>Tifata,</span> <span class='ocrx_word' id='word_1_287' title='bbox 768 3564 854 3617; x_wconf 86' lang='lat' dir='ltr'>Teate</span> <span class='ocrx_word' id='word_1_288' title='bbox 866 3559 904 3639; x_wconf 78' lang='lat' dir='ltr'>(r.</span> <span class='ocrx_word' id='word_1_289' title='bbox 919 3559 976 3637; x_wconf 82' lang='lat'><strong>85).</strong></span> <span class='ocrx_word' id='word_1_290' title='bbox 998 3562 1044 3618; x_wconf 90' lang='lat' dir='ltr'>Sic</span> <span class='ocrx_word' id='word_1_291' title='bbox 1057 3559 1128 3617; x_wconf 87' lang='lat' dir='ltr'>olim</span> <span class='ocrx_word' id='word_1_292' title='bbox 1139 3563 1224 3633; x_wconf 63' lang='lat' dir='ltr'>edd„</span> <span class='ocrx_word' id='word_1_293' title='bbox 1241 3565 1349 3623; x_wconf 80' lang='lat' dir='ltr'>incom-</span> 
     </span>
     <span class='ocr_line' id='line_1_34' title="bbox 322 3649 1348 3725; baseline 0.013 -23"><span class='ocrx_word' id='word_1_294' title='bbox 322 3649 414 3705; x_wconf 92' lang='lat' dir='ltr'>mode.</span> <span class='ocrx_word' id='word_1_295' title='bbox 435 3649 526 3704; x_wconf 91' lang='lat' dir='ltr'>Codd.</span> <span class='ocrx_word' id='word_1_296' title='bbox 550 3650 682 3704; x_wconf 88' lang='lat' dir='ltr'>lectiones</span> <span class='ocrx_word' id='word_1_297' title='bbox 708 3652 731 3705; x_wconf 91' lang='lat' dir='ltr'>si</span> <span class='ocrx_word' id='word_1_298' title='bbox 751 3653 883 3725; x_wconf 86' lang='lat' dir='ltr'>expedire</span> <span class='ocrx_word' id='word_1_299' title='bbox 900 3653 1025 3721; x_wconf 86' lang='lat' dir='ltr'>studeas,</span> <span class='ocrx_word' id='word_1_300' title='bbox 1045 3652 1104 3707; x_wconf 82' lang='lat' dir='ltr'>lere</span> <span class='ocrx_word' id='word_1_301' title='bbox 1125 3652 1166 3709; x_wconf 85' lang='lat' dir='ltr'>ad</span> <span class='ocrx_word' id='word_1_302' title='bbox 1187 3656 1348 3714; x_wconf 70' lang='lat' dir='ltr'>Mnatmdi</span> 
     </span>
     <span class='ocr_line' id='line_1_35' title="bbox 320 3740 1351 3817; baseline 0.01 -24"><span class='ocrx_word' id='word_1_303' title='bbox 320 3740 510 3810; x_wconf 84' lang='lat' dir='ltr'>conjecturam</span> <span class='ocrx_word' id='word_1_304' title='bbox 529 3740 651 3808; x_wconf 90' lang='lat' dir='ltr'>ducunt,</span> <span class='ocrx_word' id='word_1_305' title='bbox 673 3759 757 3814; x_wconf 88' lang='lat' dir='ltr'>quam</span> <span class='ocrx_word' id='word_1_306' title='bbox 770 3753 910 3817; x_wconf 89' lang='lat' dir='ltr'>receptam</span> <span class='ocrx_word' id='word_1_307' title='bbox 925 3741 1071 3815; x_wconf 89' lang='lat' dir='ltr'>oportuit:</span> <span class='ocrx_word' id='word_1_308' title='bbox 1086 3746 1218 3815; x_wconf 78' lang='lat' dir='ltr'>«procul</span> <span class='ocrx_word' id='word_1_309' title='bbox 1230 3746 1289 3805; x_wconf 80' lang='lat' dir='ltr'>iata</span> <span class='ocrx_word' id='word_1_310' title='bbox 1303 3747 1351 3803; x_wconf 76' lang='lat' dir='ltr'>tili</span> 
     </span>
     <span class='ocr_line' id='line_1_36' title="bbox 322 3829 1350 3914; baseline 0.011 -32"><span class='ocrx_word' id='word_1_311' title='bbox 322 3830 378 3884; x_wconf 81' lang='lat' dir='ltr'>sirit</span> <span class='ocrx_word' id='word_1_312' title='bbox 394 3829 464 3899; x_wconf 83' lang='lat' dir='ltr'>iata,</span> <span class='ocrx_word' id='word_1_313' title='bbox 479 3833 585 3886; x_wconf 88' lang='lat' dir='ltr'>Teate:</span> <span class='ocrx_word' id='word_1_314' title='bbox 604 3831 802 3904; x_wconf 76' lang='lat' dir='ltr'>»quaeriritis</span> <span class='ocrx_word' id='word_1_315' title='bbox 820 3844 881 3889; x_wconf 86' lang='lat' dir='ltr'>erat</span> <span class='ocrx_word' id='word_1_316' title='bbox 900 3830 1143 3903; x_wconf 82' lang='lat' dir='ltr'>Marrucinonam,</span> <span class='ocrx_word' id='word_1_317' title='bbox 1161 3835 1217 3892; x_wconf 84' lang='lat' dir='ltr'>ubi</span> <span class='ocrx_word' id='word_1_318' title='bbox 1240 3855 1350 3914; x_wconf 81' lang='lat' dir='ltr'>possea·</span> 
     </span>
     <span class='ocr_line' id='line_1_37' title="bbox 322 3920 1352 3989; baseline 0.014 -13"><span class='ocrx_word' id='word_1_319' title='bbox 322 3920 413 3977; x_wconf 81' lang='lat' dir='ltr'>aiones</span> <span class='ocrx_word' id='word_1_320' title='bbox 426 3922 462 3976; x_wconf 90' lang='lat' dir='ltr'>ab</span> <span class='ocrx_word' id='word_1_321' title='bbox 475 3941 528 3978; x_wconf 87' lang='lat' dir='ltr'>aro</span> <span class='ocrx_word' id='word_1_322' title='bbox 540 3922 638 3976; x_wconf 89' lang='lat' dir='ltr'>habuit</span> <span class='ocrx_word' id='word_1_323' title='bbox 656 3924 812 3980; x_wconf 87' lang='lat' dir='ltr'>Marcellus.</span> <span class='ocrx_word' id='word_1_324' title='bbox 831 3926 904 3982; x_wconf 85' lang='lat' dir='ltr'>Vide</span> <span class='ocrx_word' id='word_1_325' title='bbox 916 3926 972 3981; x_wconf 83' lang='lat' dir='ltr'>hoc</span> <span class='ocrx_word' id='word_1_326' title='bbox 980 3923 1115 3981; x_wconf 78' lang='lat' dir='ltr'>exl&#39;liuio</span> <span class='ocrx_word' id='word_1_327' title='bbox 1121 3924 1352 3989; x_wconf 73' lang='lat' dir='ltr'>demonstrante</span> 
     </span>
     <span class='ocr_line' id='line_1_38' title="bbox 324 4014 596 4070; baseline -0.004 -1"><span class='ocrx_word' id='word_1_328' title='bbox 324 4015 435 4070; x_wconf 74' lang='lat' dir='ltr'>Gerart.</span> <span class='ocrx_word' id='word_1_329' title='bbox 455 4025 483 4069; x_wconf 88' lang='lat' dir='ltr'>et</span> <span class='ocrx_word' id='word_1_330' title='bbox 496 4014 596 4069; x_wconf 80' lang='lat' dir='ltr'>Markl.</span> 
     </span>
    </p>
   </div>
   <div class='ocr_carea' id='block_1_5' title="bbox 0 0 1410 5258">
    <p class='ocr_par' dir='ltr' id='par_1_10' title="bbox 0 0 1410 5258">
     <span class='ocr_line' id='line_1_39' title="bbox 0 0 1410 5258; baseline 0 0"><span class='ocrx_word' id='word_1_331' title='bbox 0 0 1410 5258; x_wconf 95' lang='lat' dir='ltr'> </span> 
     </span>
    </p>
   </div>
  </div>
 </body>
</html>
