2812 5258
117 406 174 463 358
474 408 598 463 VERBA
618 407 792 463 ACHILLIS
1058 420 1095 482 (v.
1106 424 1163 484 43.)

114 524 342 615 Maioremque
356 521 438 591 feret
454 522 617 592 cultorum
634 523 796 614 sanguine
813 544 960 591 cursum.

115 643 179 711 Sed
195 643 276 711 mihi
294 645 368 735 quis
388 643 528 712 referat:
549 672 566 705 u
581 645 648 727 Tu,
669 666 769 735 quem
785 666 931 736 presaga
948 645 1111 732 creatrix,

116 764 310 835 Subducens
330 765 404 834 fatis
417 765 513 833 alieni
531 765 696 832 schemate
716 789 828 850 sexus,

114 885 167 955 Ad
184 885 402 979 Lycomedeos
418 884 496 952 fecit
513 886 654 953 transire
671 899 825 978 penates,

115 1008 376 1101 Depositumque
395 1031 491 1075 suum
509 1005 627 1074 maluit
645 1009 852 1076 committere
867 1006 995 1077 blandis

115 1128 327 1220 Virginibus,
346 1153 405 1215 ne,
422 1143 455 1197 te
473 1130 582 1222 rapiat
598 1129 625 1196 si
643 1129 784 1198 Martius
801 1128 912 1216 ardor,

116 1249 276 1318 Orbatam
295 1250 422 1318 crucies
440 1274 507 1318 non
524 1251 596 1317 viso
614 1249 730 1318 funere
748 1265 905 1337 matrem,

116 1368 218 1436 Vadis
238 1371 273 1437 in
287 1395 380 1439 arma
396 1369 507 1457 ferox,
528 1369 710 1439 thalamum
729 1385 911 1464 natumque
927 1371 1142 1466 relinquens,

115 1492 186 1559 Nec
204 1492 296 1559 venit
314 1493 348 1560 in
364 1505 522 1576 mentem,
542 1505 705 1583 quantum
721 1506 887 1560 mereatur
903 1517 1032 1579 amore,

115 1612 199 1701 Quae
218 1627 250 1680 te
268 1615 374 1706 prima
395 1614 502 1682 virum
520 1611 652 1681 conlato
672 1627 806 1707 pectore
820 1613 898 1682 fecit
917 1640 925 1681 ε

115 1735 148 1800 Is
167 1734 210 1802 ad
229 1734 314 1803 bella
333 1734 453 1822 libens,
472 1735 529 1803 ubi
548 1736 709 1828 quaeritur
727 1734 798 1804 alea
815 1738 951 1823 mortis,

115 1856 184 1923 Nec
201 1855 342 1949 spondet
359 1870 483 1924 certam
497 1858 600 1925 tristis
616 1855 753 1925 Bellona
771 1855 920 1926 salutem.
939 1887 956 1921 »

114 1975 178 2042 Sed
195 1978 321 2045 Danais
341 2002 449 2047 comes
464 2003 533 2047 esse
550 1976 678 2072 placet,
695 1979 887 2071 sociumque
903 1977 1017 2073 pericli

113 2098 179 2163 Pro
196 2096 290 2166 famae
307 2097 411 2168 titulis
429 2097 557 2167 meliori
576 2099 756 2193 adjungere
768 2123 884 2168 cause.

111 2217 275 2287 «Scilicet
292 2235 329 2288 ut
345 2222 467 2313 conjux
484 2220 585 2289 viduo
604 2220 762 2290 reddatur
781 2222 906 2307 Atridi,

110 2340 311 2408 Procumhat
329 2342 402 2410 vilis
419 2346 622 2411 Teucrorum
639 2345 773 2411 victima
792 2343 947 2413 Achilles.
964 2374 981 2408 o

111 2457 220 2544 Aufer,
239 2461 326 2526 iners
346 2462 501 2543 monitor,
520 2462 626 2549 turpis
645 2459 789 2523 fomenta
806 2461 957 2543 medelae,

110 2581 229 2671 Meque
246 2579 316 2647 sine
334 2578 469 2672 proprio
486 2577 604 2645 sectari
622 2573 737 2670 proelia
755 2601 863 2646 sensu.

110 2703 187 2770 Non
206 2703 252 2770 ita
271 2726 324 2770 me
340 2701 472 2794 genitor
488 2697 665 2793 praeclarus
683 2701 817 2768 nomine
833 2698 963 2785 Peleus,

109 2826 177 2891 Aut
192 2820 310 2891 dilecta
324 2824 398 2890 Jovi
413 2821 500 2891 fudit
516 2822 629 2890 Thetis
647 2821 732 2891 alma
749 2822 810 2890 sub
827 2847 943 2909 auras,

109 2944 260 3034 Degener
280 2958 316 3011 ut
333 2942 450 3011 lateam
467 2944 625 3036 primaevo
646 2944 725 3011 flore
739 2944 906 3033 juventae,

108 3064 219 3156 Major
232 3079 265 3132 et
285 3065 405 3156 ignavo
426 3078 554 3132 tanturn
575 3065 658 3132 milri
676 3077 803 3156 torpeat
821 3079 917 3151 aetas,

109 3184 376 3278 Abstrudamque
393 3187 473 3253 toris
487 3187 557 3278 jam
577 3185 685 3254 debita
703 3199 835 3276 pectora
851 3188 982 3273 castris,

108 3306 223 3392 Quum
242 3332 358 3374 manus
376 3307 537 3399 Argivtim
558 3305 687 3373 ultricia
704 3306 795 3398 juret
816 3308 851 3374 in
870 3332 973 3377 arma.

108 3429 262 3519 Denique
280 3453 383 3521 quum
401 3444 567 3522 promtum
583 3441 659 3495 ruat
678 3428 712 3494 in
737 3430 917 3498 certamina
935 3431 1073 3524 vulgus,

110 3544 205 3616 Solus
221 3572 282 3640 ego
301 3551 334 3615 in
350 3550 479 3616 cunctis
498 3546 611 3615 infami
632 3572 762 3616 carcere
779 3548 908 3617 clausus

107 3666 280 3736 Subduear
299 3667 444 3760 pugnae?
459 3682 585 3760 quanto
600 3666 748 3736 tolerabo
768 3669 895 3762 pudore

105 3792 241 3857 Menon
257 3790 341 3858 ferre
358 3788 474 3883 pedem
491 3815 558 3882 quo
577 3789 640 3859 fert
656 3791 838 3875 Thersites,
858 3795 892 3859 in
913 3797 1002 3861 omni

104 3913 201 3980 Parte
220 3916 329 3999 miser,
349 3910 453 3980 forma
470 3913 612 3999 brevior,
630 3926 804 4005 menteque
820 3913 948 4005 fugaci?

23 4680 240 4950 q
