2812 5258
289 472 342 540 148
637 471 665 522 P.
689 467 809 522 PUBLII
831 466 953 521 STATll
1205 465 1237 525 (r.
1252 466 1323 523 ιιι.)

333 598 397 663 Par
409 597 503 688 vigor
520 608 553 660 et
571 593 741 677 membris;
759 603 984 684 prompteque
1001 586 1043 654 ad
1060 586 1158 655 fortia
1176 587 1262 654 vires

286 716 460 785 Sufficiunt
477 714 604 800 animo,
622 727 721 804 atque
739 711 883 804 ingentia
897 710 987 803 jussa
1003 719 1196 800 sequuntur.

285 839 360 928 lpse
377 857 437 926 ego
456 848 487 900 te
506 856 611 925 nuper
627 831 783 899 Tiberino
802 844 838 897 ut
855 828 951 896 litore
968 827 1052 914 vidi,

286 956 362 1042 Qua
379 952 550 1044 Tyrrhena
566 949 657 1017 vadis
675 949 897 1020 Laurentibus
913 961 1027 1015 aestuat
1044 945 1151 1031 unda,

286 1073 487 1142 Pendentem
504 1070 538 1138 in
555 1094 687 1155 cursus,
705 1083 944 1160 vexantemque
962 1066 1017 1135 ilia
1037 1067 1127 1134 nudo

287 1191 386 1261 Calce
403 1190 519 1258 ferocis
535 1190 627 1282 equi,
645 1186 740 1255 vultu
758 1187 937 1279 dextraque
955 1187 1133 1270 minacem3

287 1312 321 1379 Si
339 1337 403 1404 qun
420 1309 499 1377 fides
518 1309 629 1395 dictis,
648 1307 776 1399 stupui,
794 1308 1001 1397 Martemque
1020 1307 1143 1399 putavi.

288 1429 411 1500 Getulo
429 1431 474 1496 sic
492 1427 631 1522 pulcher
648 1451 748 1518 equo,
766 1427 974 1517 Trojanaqne
992 1449 1150 1518 quassans

287 1548 385 1634 Tela,
403 1546 591 1615 novercales
609 1547 679 1613 ibat
695 1559 831 1612 venator
848 1547 881 1613 in
899 1569 995 1638 agros

288 1669 463 1752 Ascanius,
480 1667 697 1756 miseramque
714 1667 800 1757 patri
818 1663 976 1757 flagrabat
993 1662 1126 1733 Elisam.

287 1766 418 1855 Troilus
435 1785 523 1852 hand
541 1783 636 1852 aliter
655 1809 735 1878 gyro
753 1785 903 1852 breviore
919 1783 1082 1852 minantes

287 1903 451 1974 Eludebat
468 1929 569 1997 equos
588 1929 596 1971 :
615 1918 672 1971 aut
689 1928 786 1995 quem
805 1903 845 1970 de
864 1903 1010 1972 turribus
1027 1904 1101 1973 altis

287 2025 431 2095 Arcadas
449 2026 578 2118 Ogygio
597 2038 776 2092 versantem
795 2026 829 2091 in
846 2022 980 2118 pulvere
998 2038 1123 2092 turmas

289 2145 487 2237 Spectabunt
502 2145 608 2238 Tyriae
625 2169 693 2211 non
711 2159 806 2211 torvo
824 2142 947 2210 lumine
965 2158 1096 2211 matres.

335 2269 424 2359 Ergo
441 2291 515 2359 age,
534 2290 610 2333 nam
629 2267 739 2358 magni
758 2265 849 2332 ducis
867 2262 1072 2356 indulgentia
1088 2263 1215 2357 pulsat,

288 2388 451 2477 Certaque
469 2383 525 2451 dat
544 2386 630 2451 votis
647 2382 759 2451 hilaris
777 2384 913 2477 vestigia
931 2382 1045 2470 frater,

289 2506 412 2596 Surge,
430 2503 541 2569 animo
558 2516 590 2568 ct
608 2501 706 2568 fortes
724 2516 906 2569 castrorum
923 2502 1059 2594 concipe
1076 2525 1181 2571 curas.

286 2622 523 2690 Monstrabunt
539 2623 623 2689 acies
640 2623 790 2706 Mavors,
808 2624 982 2713 Actaeaque
999 2623 1109 2714 virg03

286 2742 430 2810 Flectere
447 2746 565 2811 Castor
580 2765 695 2834 equos,
713 2739 858 2809 humeris
875 2755 1011 2833 quatere
1028 2765 1120 2809 arma
1136 2742 1323 2835 Quirinus,

287 2862 355 2945 Qui
375 2863 433 2932 tibi
451 2876 519 2929 tam
537 2876 648 2928 tenero
666 2860 814 2954 permisit
831 2859 988 2954 plaudere
1005 2858 1091 2929 collo

285 2980 476 3073 Nubigenas
493 2979 638 3073 clypeos,
657 2983 844 3074 intactaque
861 2981 1003 3048 caedibus
1020 3005 1094 3048 tera.

284 3100 455 3186 Quasnam
473 3101 574 3192 igitur
592 3115 708 3186 terras,
726 3125 822 3193 quem
840 3101 977 3167 Caesaris
996 3099 1057 3167 ibis
1074 3100 1108 3167 in
1125 3100 1267 3170 orbem?

284 3219 464 3285 Arctoosne
482 3243 606 3306 amnes,
624 3233 656 3287 et
673 3220 781 3287 Rheni
799 3218 901 3287 fracta
919 3220 1047 3287 natabis

284 3334 456 3402 Flumina?
472 3360 515 3402 an
532 3338 678 3406 aestiferis
695 3339 805 3432 Libyoe
823 3337 954 3405 sudabis
971 3339 1004 3405 in
1023 3341 1129 3411 arvis?

282 3463 333 3523 An
348 3455 429 3547 juga
444 3458 637 3544 Pannoniae,
655 3472 899 3550 mutatoresque
917 3457 1090 3529 domorum

282 3575 492 3641 Sauromatas
510 3574 656 3665 quaties?
673 3600 715 3642 an
734 3590 766 3642 te
783 3590 936 3667 septenus
954 3578 1088 3648 habebit

280 3695 377 3774 Ister,
395 3706 426 3759 et
445 3692 572 3760 undoso
590 3692 780 3760 circumflua
798 3695 937 3787 conjuge
954 3699 1080 3766 Pence?

280 3816 331 3883 An
349 3811 519 3905 Solymum
537 3813 699 3897 cinerem,
716 3811 923 3907 palmetaque
941 3834 1038 3910 capta
1054 3818 1176 3910 subibis

280 3934 358 4001 Non
375 3932 437 4000 sibi
454 3930 561 4000 felices
579 3931 675 4000 silvas
694 3935 844 4024 ponentis
861 3934 1013 4004 Idumesi'
1086 3940 1089 3944 ’

280 4050 381 4136 Quod
399 4051 426 4119 si
444 4066 477 4120 te
493 4076 613 4144 magno
631 4050 727 4121 tellus
744 4051 870 4122 frenata
888 4056 1016 4147 parenti
