2812 5258
73 395 103 451 lv·
118 395 170 455 85)
381 389 594 447 Ttmutntos
616 390 725 445 LIBER
745 389 793 444 tx.
1056 383 1110 450 145

75 524 173 588 Parte
191 516 309 604 trahit,
330 530 458 609 partem
477 514 662 608 lacrymans
681 527 844 582 sustentat
864 529 983 582 arator.

122 641 208 707 Ecce
226 649 335 704 autem
354 635 508 703 hortatus
526 632 688 720 Eteoclis,
709 648 742 701 et
758 656 850 701 arma
869 632 993 716 secuti,

71 761 174 825 lecta
192 779 327 842 manus,
344 754 499 848 juvenes,
519 779 603 847 quos
623 778 684 822 nec
698 754 848 822 Tritonia
867 750 970 837 bello,

71 878 142 946 Nec
158 899 263 969 prope
279 872 399 944 collata
416 875 592 968 sprevisset
611 874 747 967 cuspide
767 876 919 957 Mavors,

72 995 262 1067 Adventant
277 1020 285 1060 ι
301 1010 418 1063 contra
436 991 574 1063 collecta
593 1007 631 1061 ut
650 1008 783 1086 pectora
806 1017 928 1087 parmae

72 1119 218 1203 Finierat,
237 1130 336 1208 atque
355 1114 483 1182 hastam
500 1111 599 1206 longe
611 1112 845 1205 protenderat,
864 1113 967 1181 haeret

74 1235 207 1305 Arduus
225 1231 483 1328 Hippomedon:
502 1256 562 1300 ceu
583 1231 737 1301 fluctibus
758 1232 856 1301 obvia
873 1256 986 1325 rupes,

72 1357 135 1426 Cui
154 1379 260 1447 neque
279 1353 320 1421 de
336 1347 419 1420 coelo
436 1366 559 1437 metus,
578 1366 611 1420 et
632 1351 733 1421 fracta
753 1376 886 1445 {equora
903 1349 1041 1436 cedunt,

72 1480 145 1546 stat
163 1476 290 1544 cunctis
310 1475 445 1541 immota
465 1472 586 1541 minis:
604 1475 698 1542 timet
716 1474 786 1568 ipse
804 1474 965 1568 rigentem

72 1599 213 1682 Pontus,
234 1609 323 1663 etex
341 1591 409 1661 alto
427 1594 553 1661 miserae
573 1618 696 1663 novere
717 1595 848 1664 carinae.

118 1718 215 1783 Tunc
234 1715 326 1808 prior
345 1710 491 1783 Aonides
509 1712 667 1808 (validam
686 1713 783 1783 simul
801 1692 891 1783 elicit
904 1707 1075 1800 hastam):

71 1867 87 1900 a
98 1837 177 1906 Non
197 1835 298 1930 pudet
316 1833 378 1901 hos
394 1835 527 1915 Manes,
545 1834 614 1902 haec
631 1835 825 1903 infamantia
840 1832 964 1903 bellum

70 1960 222 2038 Funera,
242 1954 303 2021 Dis
323 1974 453 2032 coram,
473 1965 506 2018 et
523 1950 607 2020 coelo
625 1954 828 2046 inspectante
849 1952 953 2021 tueri?

25 2052 29 2061 Ι
71 2072 204 2144 Scilicet
223 2069 376 2164 egregius
393 2067 495 2137 sudor
513 2071 791 2165 memorandaque
815 2074 919 2141 virtus

70 2198 165 2263 Hanc
183 2187 347 2258 tumulare
366 2187 494 2256 feram?
509 2213 552 2258 ne
568 2214 636 2261 non
654 2191 869 2260 moerentihus
882 2195 990 2286 Argos

70 2309 245 2403 Exsequiis
262 2305 492 2400 lacrymandus
509 2307 581 2378 eat!
601 2309 759 2404 mollique
778 2310 902 2381 feretro

71 2430 244 2502 infandam
261 2429 404 2521 ejactans
421 2430 566 2498 saniem?
586 2431 741 2501 dimittite
759 2458 883 2503 curam.

71 2550 177 2621 Nullae
197 2547 291 2618 illum
309 2543 476 2633 volucres,
496 2548 587 2618 nulla
605 2553 706 2646 impia
725 2568 889 2637 monstra,
912 2555 1076 2645 meipsa,

70 2673 105 2741 Si
120 2670 255 2754 demus,
272 2667 346 2761 pius
364 2667 449 2760 ignis
463 2667 576 2737 edat»
593 2672 664 2738 Nec
679 2671 776 2764 plura
794 2699 802 2738 z
821 2671 879 2739 sed
895 2672 1010 2763 ingens

70 2795 244 2881 Intorquet
260 2784 427 2880 jaculum,
445 2784 530 2855 duro
549 2787 640 2881 quod
659 2791 693 2856 in
714 2813 777 2857 aere
794 2803 979 2871 moratum,

69 2909 377 2999 Transmissumque
398 2920 509 2976 tamen
530 2905 635 3003 clypei
654 2910 743 2977 stetit
760 2909 841 2976 orhe
859 2906 1013 2976 secundo.

69 3029 151 3099 lnde
168 3028 307 3112 Pheres,
326 3050 467 3121 acerque
486 3032 593 3123 Lycus
611 3054 619 3096 :
636 3028 693 3097 sed
713 3053 804 3097 cassa
821 3028 971 3096 Pheretis

72 3152 172 3217 Hasta
191 3144 294 3231 redit,
313 3147 421 3238 Lycus
439 3147 567 3218 excelso
586 3164 713 3219 terrore
732 3162 918 3217 comantem

68 3266 265 3338 Perstrinxit
282 3263 410 3360 galeam
426 3293 433 3334 :
451 3266 616 3338 convulsas
636 3269 772 3364 cuspide
791 3268 888 3362 longe

68 3388 242 3482 Diffugere
254 3386 359 3480 jubae,
381 3390 553 3484 patuitque
571 3389 713 3486 ingloria
732 3391 842 3459 cassis.

67 3514 142 3607 lpse
160 3531 222 3574 nec
240 3508 287 3575 ire
303 3521 411 3596 retro,
431 3533 492 3577 uec
512 3510 547 3577 in
565 3510 663 3580 obvia
684 3512 834 3580 concitus
853 3533 945 3578 arma

67 3624 205 3707 Exsilit,
224 3625 324 3716 inque
342 3628 456 3698 eadem
471 3654 541 3699 sese
561 3632 845 3726 vestigiasemper

68 3748 241 3818 Obversus
259 3749 385 3815 cunctis
399 3748 543 3842 profert,
564 3752 767 3845 recipitque,
787 3775 848 3819 nec
869 3758 1016 3843 un'quam

67 3865 218 3959 Longius
237 3861 388 3958 indulget
404 3846 541 3954 denuc,
563 3885 737 3964 motusque
757 3895 816 3965 per
836 3893 951 3937 omnes

67 3991 198 4080 Corpus
216 3997 306 4053 amat
321 4009 328 4052 ε
342 4009 470 4082 ,corpus
488 4014 637 4080 servans,
653 3993 861 4084 circumque,
880 4012 1046 4082 supraque

214 4127 252 4175 ιι.
924 4131 965 4175 ιο
