2812 5258
78 448 112 514 (r,
131 446 198 511 145.)
377 445 596 501 Ttmttatuos
617 443 730 499 LIBER
750 445 785 499 V.
1081 439 1117 496 35

76 580 313 667 Lunatumque
335 586 429 666 putas
449 594 567 663 agmen
588 568 800 654 descendere,
824 568 880 635 ubi
896 592 989 637 arma

77 694 232 788 Indulget
251 708 355 788 pater,
374 707 408 761 et
424 692 501 761 saevi
518 704 629 759 movet
647 691 731 758 ostia
749 685 838 761 belli.

125 846 142 879 a
154 817 224 884 Nec
241 815 352 883 varius
366 812 500 899 fremor,
516 826 576 880 aut
591 810 702 881 studia
718 810 753 877 iu
773 809 942 877 contraria
958 810 1046 903 rapti

77 938 270 1021 Dissensus,
289 948 326 1002 ut
345 931 439 1028 plebe
459 931 541 1001 solet
561 957 569 999 ε
592 931 685 1001 furor
704 929 859 999 omnibus
878 928 983 1016 idem,

77 1055 168 1125 Idem
189 1057 321 1125 animus
339 1052 445 1123 solare
466 1053 583 1122 domos
602 1078 609 1119 :
626 1053 869 1145 juvenumque,
889 1074 1072 1143 senumque

77 1176 287 1270 Pracipitare
304 1173 411 1260 colos,
433 1172 605 1267 plenisque
624 1170 808 1263 affrangere
829 1194 949 1263 parvos

78 1295 261 1381 Uberibus,
280 1295 435 1387 ferroque
453 1316 568 1361 omnes
587 1292 675 1360 exire
691 1315 750 1385 per
765 1314 882 1359 annos.

125 1445 141 1478 α
153 1419 250 1485 Tunc
267 1414 385 1483 viridis
404 1412 469 1483 late
485 1412 594 1500 lucus,
609 1412 690 1505 juga
708 1409 793 1481 celsa
811 1413 971 1480 Minervae

78 1538 229 1629 Propter,
248 1549 366 1629 opacat
381 1534 520 1604 humum
538 1535 633 1627 niger
649 1534 732 1628 ipse,
753 1532 810 1601 sed
827 1534 963 1627 insuper
980 1533 1097 1624 ingens

77 1659 178 1725 Mons
197 1657 332 1750 premit,
352 1672 384 1725 et
402 1659 534 1749 gemina
555 1671 694 1750 pereunt
710 1653 852 1748 caligine
869 1652 974 1722 soles:

78 1777 142 1845 llic
158 1801 294 1846 sanxere
310 1776 410 1846 fidem
432 1802 439 1845 :
462 1789 499 1844 tu
519 1779 641 1845 Martia
657 1778 748 1846 testis
767 1780 878 1870 Enyo,

79 1904 188 1987 Atque
205 1895 334 1963 inferna
353 1898 469 1980 Ceres,
490 1897 669 1988 stygiaque
686 1896 873 1965 Acheronte
889 1894 1018 1964 recluso

81 2023 170 2083 Ante
186 2038 299 2107 preces
317 2038 437 2083 venere
455 2013 524 2082 deae
542 2040 550 2082 :
571 2015 627 2083 sed
644 2014 729 2085 fallit
748 2017 872 2109 ubique

79 2134 188 2203 Mixta
203 2136 318 2203 Venus
337 2158 345 2202 ε
365 2136 480 2204 Venus
499 2159 592 2204 arma
612 2150 726 2205 tenet:
745 2140 858 2206 Venus
875 2136 1030 2205 admovet
1048 2138 1122 2206 iras.

79 2256 150 2325 Nec
167 2254 209 2322 de
229 2278 322 2322 more
339 2278 440 2322 cruor
460 2280 469 2322 ε
491 2269 605 2325 natum
625 2256 787 2351 Caropeia
800 2257 922 2350 conjux

79 2371 212 2443 Obtulit
233 2398 241 2440 :
263 2374 445 2467 accingunt
463 2399 548 2463 sese,
567 2390 599 2444 ct
617 2378 773 2445 mirantia
791 2375 879 2446 ferro

80 2496 234 2582 Pectora,
254 2496 485 2588 congestisque
501 2495 606 2563 avidae
625 2495 722 2564 simul
742 2496 890 2590 undique
909 2497 1049 2584 deutris,

81 2613 312 2707 perfringunt,
329 2639 368 2683 ac
388 2613 483 2684 dulce
502 2616 593 2683 nefas
612 2617 646 2683 in
666 2619 827 2709 sanguine
846 2619 924 2685 vivo

81 2734 281 2826 Coniurant,
300 2749 506 2829 matremque
522 2760 635 2805 recens
651 2735 868 2804 circumvolat
887 2736 1015 2805 umbra.

129 2853 246 2923 «Talia
263 2858 412 2925 cernenti
429 2856 512 2923 mihi
528 2871 675 2950 quantus
694 2857 728 2922 in
745 2856 873 2924 ossibus
893 2855 1032 2923 horror?

81 2975 207 3061 Quisve
222 3000 282 3069 per
298 2999 357 3044 ora
376 2973 487 3044 color?
505 2974 612 3069 qualis
629 3000 732 3069 quum
751 2999 847 3043 cerva
864 2977 1009 3043 cruentis
1112 2976 1116 2983 ’

82 3095 318 3164 Circumventa
334 3094 437 3190 lupis,
457 3095 588 3166 nullum
608 3099 662 3165 cui
678 3111 811 3192 pectore
830 3094 920 3164 molli

80 3216 207 3304 Robur,
225 3233 258 3286 et
277 3218 310 3285 in
328 3216 456 3287 volucri
479 3221 588 3288 tenuis
605 3218 725 3301 fiducia
743 3243 858 3307 cursu,

82 3338 273 3430 Praecipitat
290 3362 451 3433 suspensa
471 3338 582 3432 lugam
604 3366 611 3407 :
629 3341 696 3433 jam
711 3341 847 3434 jamque
866 3343 969 3409 teneri

61 3515 64 3519 .
82 3456 212 3545 Credit,
230 3472 263 3528 ct
278 3457 387 3529 elusos
409 3458 505 3529 audit
523 3484 721 3529 concurrere
738 3485 877 3531 morsus.

131 3607 148 3641 α
159 3576 213 3646 llli
231 3580 369 3650 aderant
390 3605 398 3649 :
418 3582 535 3676 primis
549 3580 684 3674 jamque
701 3580 868 3653 offendere
884 3585 1005 3652 carinae

81 3698 278 3767 Litoribus:
298 3716 427 3771 certant
445 3701 531 3771 saltu
551 3704 742 3796 contingere
762 3719 881 3774 terram

81 3819 273 3914 Praecipites
293 3846 301 3887 ε
322 3823 448 3910 miseri,
467 3848 551 3916 quos
570 3849 637 3892 non
657 3839 715 3893 aut
734 3825 869 3894 horrida
889 3827 994 3893 virtus

82 3940 192 4008 Marte
212 3940 276 4008 sub
293 3940 440 4035 odrysio,
458 3958 516 4013 aut
535 3944 635 4013 medii
656 3944 864 4014 inclementia
884 3948 978 4038 ponti

81 4059 251 4131 Hauserit!
271 4061 338 4131 alta
358 4064 456 4133 etiarn
476 4068 641 4159 Superum
663 4063 799 4133 delubra
820 4080 997 4157 vaporant,

903 4180 935 4248 3.
