2812 5258
326 501 380 539 aoo
630 480 837 537 THEBAIDOS
858 479 965 534 LIBER
986 478 1024 532 11.
1227 472 1264 537 (v.
1279 472 1352 533 ³7³d

372 603 566 689 Audierant3
583 605 727 697 fixosque
744 603 855 672 oculos
872 627 931 696 per
946 616 1060 669 mutua
1079 595 1231 692 paullum

326 726 393 791 Ora
410 737 539 810 tenent,
557 724 679 815 visique
696 724 781 790 inter
800 746 867 789 sese
886 721 1001 788 ordine
1016 717 1105 786 fandi

326 839 449 907 Cedere
467 868 474 907 ε
493 840 549 908 sed
568 841 692 907 cunctis
708 840 835 932 Tydeus
851 838 1021 906 audentior
1037 836 1116 904 actis

324 959 466 1049 Incipit:
485 962 543 1026 «Ο
560 982 657 1048 quarn
676 973 707 1024 tc
725 981 861 1050 parcum
878 958 912 1023 in
931 956 1092 1048 praeconia
1110 953 1205 1021 famae

324 1078 418 1143 Mens
438 1078 538 1168 agitat
556 1090 683 1142 matura
699 1089 782 1159 tuae,
800 1091 1024 1168 quantumque
1042 1072 1200 1140 ferentem

327 1199 504 1262 Fortunam
523 1194 644 1260 virtute
661 1190 788 1260 domas!
806 1194 859 1260 cui
878 1192 972 1261 cedat
987 1191 1145 1261 Adrastus

326 1310 493 1402 Imperiis?
512 1311 585 1402 quis
606 1323 637 1376 te
658 1308 739 1378 solio
759 1312 904 1405 Sicyonis
922 1312 1014 1378 avitae

324 1429 475 1496 Excitum
493 1428 635 1497 infrenus
652 1452 847 1519 componere
865 1427 989 1522 legibus
1005 1433 1111 1523 Argos

324 1546 477 1615 Nesciat?
494 1560 590 1638 atque
614 1547 735 1614 utinam
757 1546 807 1614 his
830 1547 981 1614 manibus
1001 1548 1189 1641 permittere
1209 1560 1341 1639 gentes,

324 1668 343 1734 J
346 1665 475 1759 uppitcr
488 1687 594 1756 aeque,
613 1662 711 1751 velis,
730 1689 811 1759 quas
826 1667 967 1733 Doricus
986 1663 1097 1759 alligat
1115 1664 1214 1734 undis

325 1785 483 1868 Isthmos,
501 1796 535 1852 et
550 1780 677 1851 alterno
697 1809 777 1876 quas
793 1784 940 1876 margine
958 1783 1128 1852 submovet
1144 1782 1250 1853 infra!

325 1904 403 1971 Nou
422 1902 547 1996 fugeret
563 1902 650 1970 diras
666 1901 724 1971 lux
740 1904 890 1970 intercisa
908 1904 1081 1995 Mycenas,

326 2024 414 2089 Saeva
431 2045 489 2089 nec
504 2020 589 2089 Eleae
607 2036 773 2115 gemerent
793 2022 971 2090 certamina
986 2020 1100 2106 valles,

325 2139 583 2232 Eumenidesque
601 2140 673 2209 aliis
691 2140 761 2209 aliae
777 2141 837 2209 sub
856 2140 1002 2234 regibus,
1020 2155 1054 2207 et
1070 2164 1144 2232 quae

326 2258 376 2323 Tu
398 2258 519 2349 potior,
535 2258 704 2345 Thebane,
721 2262 837 2351 queri:
858 2283 918 2327 nos
937 2282 1015 2326 vero
1034 2256 1199 2346 volentes,

325 2375 535 2469 Expositique
552 2378 704 2445 animis.»
726 2379 780 2445 Sic
797 2376 980 2464 interfatus,
997 2391 1030 2445 et
1045 2377 1130 2446 alter

326 2494 463 2586 Subjicit
479 2521 487 2562 :
503 2499 621 2563 «Anne
639 2493 756 2587 aliquis
776 2519 903 2563 soceros
924 2496 1076 2565 accedere
1094 2496 1178 2567 tales

326 2610 480 2682 abnuat?
498 2610 663 2681 exsulibus
683 2637 870 2708 quanquam
887 2615 1056 2707 patriaque
1074 2615 1199 2708 fugatis

326 2730 483 2800 Nondum
501 2729 574 2799 laeta
593 2734 722 2818 Venus,
741 2746 848 2799 tamen
862 2734 969 2800 omnis
988 2732 1086 2801 corde
1103 2734 1228 2805 resedit

326 2849 486 2936 Tristitia,
506 2849 658 2942 affixique
676 2850 785 2917 animo
805 2874 930 2919 cessero
948 2849 1085 2921 dotores.

326 2966 395 3033 Nec
409 2966 517 3034 miuus
537 2966 606 3035 haec
623 2966 687 3036 laeti
706 2970 863 3037 trahimus
879 2968 1008 3056 solatia,
1025 2994 1125 3059 quarn
1145 2971 1175 3039 si

325 3085 485 3177 Praecipiti
502 3084 657 3154 convulsa
677 3089 783 3175 Noto,
802 3104 984 3182 prospectet
999 3089 1137 3157 amicam

325 3204 448 3295 Puppis
468 3205 629 3273 humum:
646 3209 739 3299 juvat
755 3208 916 3300 ingressos
936 3208 1040 3277 felicia
1060 3210 1153 3302 regni

327 3321 461 3407 Omina,
479 3323 567 3412 quod
587 3341 734 3418 superest
750 3324 808 3392 fati
826 3328 965 3418 vitaequc
982 3326 1130 3395 laborum

325 3441 472 3506 Fortuna
493 3442 741 3510 transiretur.»
761 3446 829 3513 Nec
847 3444 940 3536 plura
959 3448 1095 3533 morati,

326 3557 552 3649 Consurgunt,
570 3555 664 3625 dictis
683 3560 859 3652 impensius
878 3578 1011 3655 aggerat
1030 3562 1127 3634 omne

324 3674 526 3742 Promissum
545 3675 697 3743 Inachius
717 3690 819 3767 pater,
835 3678 1020 3774 auxilioque
1036 3683 1185 3752 futurum

326 3795 368 3859 Et
386 3793 498 3884 patriis
511 3791 647 3884 spondet
667 3792 800 3862 reduces
819 3796 972 3867 inducere
990 3804 1108 3895 reguis.

372 3915 461 4004 Ergo
477 3910 597 3980 alacres
617 3913 711 4005 Argi,
728 3912 801 3981 fuso
821 3939 952 3986 rumore
971 3945 1030 4012 per
1050 3919 1165 3987 urbem

326 4029 501 4099 Advenisse
517 4029 592 4099 duci
607 4054 761 4125 generos,
780 4034 959 4129 primisque
977 4037 1161 4129 Hymenaeis
