2812 5258
338 406 375 462 62
652 405 860 459 Tflunssuos
882 406 992 460 usta
1007 404 1055 457 Vl.
1259 405 1290 460 (⁸1
1304 405 1369 464 ¹7⁵·l

339 532 515 624 Sanguinis
534 555 541 595 :
560 528 754 595 occumbam
772 529 913 620 pariter,
931 527 1010 595 dum
1030 524 1166 592 vulnere
1181 526 1272 616 justo

340 655 535 718 Exsaturata
551 645 681 733 oculos,
700 671 805 714 unum
815 645 1029 740 *impellamur
1045 648 1078 712 in
1096 647 1244 738 ignem.»

387 766 480 834 Talia
496 765 679 833 vociferans
698 763 819 832 eliade
837 780 931 858 parte
947 778 1130 857 gementem

340 881 559 978 Hypsipylen,
578 885 789 976 nequeenim
810 882 865 952 illa
881 908 990 951 comas
1009 908 1071 952 nec
1091 880 1226 977 pectora
1243 900 1370 970 serrat,

340 1005 484 1097 Agnovit
504 1002 615 1096 longe,
633 1018 667 1072 et
683 1005 808 1072 socium
825 1003 994 1097 indignata
1012 1001 1177 1087 dolorem,

340 1127 438 1190 «Hoc
455 1121 587 1211 saltem,
603 1148 623 1190 o
641 1147 808 1216 proceres,
828 1138 930 1216 tuque
945 1147 966 1192 o
983 1125 1036 1192 cui
1054 1126 1192 1216 pignore
1208 1139 1324 1194 nostro

310 1332 311 1337 ἵ
341 1247 457 1311 Partus
472 1243 594 1330 honos,
612 1245 784 1337 prohibete
800 1243 890 1311 nefas
908 1270 915 1311 :
935 1244 1058 1312 auferte
1077 1246 1237 1336 supremis

341 1364 486 1429 inrisam
503 1364 663 1456 exsequiis
682 1388 691 1431 :
709 1362 788 1454 quid
807 1387 841 1430 se
858 1363 987 1430 funesta
1003 1364 1132 1456 parenti

340 1472 477 1550 Miscet?
495 1497 528 1549 et
545 1484 577 1548 in
596 1483 716 1550 nostris
732 1495 899 1575 spectatur
915 1497 948 1548 et
965 1483 1035 1573 ipsa
1052 1483 1174 1550 ruinis?

343 1602 405 1668 Cui
421 1599 510 1694 luget
526 1599 697 1692 complexis
712 1599 838 1667 sumi»
855 1600 901 1667 sic
917 1599 983 1667 fata
1001 1617 1133 1692 repente

343 1717 513 1805 Concidit,
530 1719 743 1812 abruptisque
760 1719 925 1786 obmutuit
940 1743 999 1786 ore
1016 1719 1167 1810 querelis.

392 1841 470 1907 Non
487 1862 579 1907 secus
594 1862 633 1906 ac
649 1840 757 1932 primo
775 1837 964 1906 fraudatum
980 1837 1064 1907 laete
1079 1840 1278 1931 juvencum,

344 1960 405 2026 Cui
423 1956 558 2051 trepida
576 1959 679 2044 vires,
696 1973 729 2026 et
747 1956 835 2026 solus
855 1958 896 2026 ab
914 1959 1014 2028 ubere
1032 1962 1184 2052 sanguis,

344 2081 408 2146 Seu
426 2077 511 2163 fera,
531 2101 588 2145 seu
606 2076 706 2148 duras
725 2079 833 2146 avexit
852 2092 964 2171 pastor
980 2076 1023 2146 ad
1041 2102 1131 2164 aras3

345 2200 444 2264 Nunc
464 2195 581 2267 vallem
598 2197 738 2290 spoliata
755 2221 889 2290 parens,
909 2221 997 2265 nunc
1014 2196 1149 2266 flumina
1168 2210 1302 2287 questu,

344 2316 442 2381 Nunc
462 2328 615 2387 armento
631 2329 757 2400 movot,
777 2337 964 2404 vacuosque
981 2315 1162 2406 interrogat
1178 2337 1275 2405 agros
1294 2338 1301 2378 :

344 2435 438 2501 Tunc
458 2435 547 2525 piget
568 2433 615 2502 ire
636 2431 792 2517 domum,
813 2445 996 2523 moestoque
1016 2432 1192 2500 novissima
1211 2455 1324 2522 eampo

345 2552 438 2636 Exit,
457 2566 490 2619 et
506 2552 673 2645 oppositas
691 2553 830 2645 impasta
847 2552 1007 2623 avertitur
1024 2550 1152 2618 herbas.
1171 2591 1174 2596 ,

394 2675 436 2738 At
453 2672 582 2763 genitor
597 2671 783 2763 sceptrique
799 2669 897 2738 decus
914 2668 1086 2763 cultusque
1100 2672 1257 2740 Tonantis

345 2792 456 2882 lnjicit
473 2793 541 2883 ipse
558 2791 662 2883 rogis,
680 2804 838 2883 tergoque
853 2804 886 2860 et
900 2803 1033 2883 pectore
1050 2789 1154 2862 fusam

346 2911 520 2980 Caesariem
537 2908 624 2977 ferro
643 2910 781 2991 minuit,
801 2910 961 3001 sectisque
976 2909 1113 3002 jacentis

346 3028 497 3098 Obnubit
513 3029 624 3097 tenuia
638 3052 698 3096 ora
714 3029 833 3112 comis,
850 3051 888 3095 ac
905 3025 983 3099 talia
1000 3027 1078 3096 lietu

345 3149 457 3215 Verba
472 3149 529 3241 pio
544 3149 682 3217 miscens
701 3171 709 3212 ε
728 3146 830 3214 «Alio
848 3146 924 3231 tihi,
941 3146 1077 3239 perfide,
1094 3163 1207 3240 pacto,

344 3269 509 3359 Juppiter,
527 3267 614 3336 hunc
630 3269 754 3334 crinem
772 3267 839 3334 voti
857 3289 931 3333 reus
948 3281 1023 3336 ante
1040 3266 1199 3344 dicarem.

345 3387 379 3452 Si
399 3387 523 3477 pariter
541 3383 658 3452 virides
677 3387 745 3453 nati
764 3384 865 3453 libare
885 3385 1025 3454 dedisses

345 3503 396 3571 Ad
414 3518 470 3570 tua
489 3503 610 3597 templa
627 3529 743 3597 genas3
761 3503 816 3574 sed
837 3530 903 3573 non
923 3521 1013 3573 ratus
1033 3530 1091 3573 ore
1113 3505 1280 3589 sacerdos,

345 3626 583 3715 Damnataeque
597 3647 709 3715 preces
723 3648 730 3689 :
745 3622 828 3693 ferat
841 3625 926 3712 haec,
940 3649 1013 3716 quae
1025 3624 1157 3718 dignior
1170 3625 1287 3692 umbre
1298 3637 1379 3690 est.»

392 3747 462 3810 Jam
483 3740 552 3809 face
568 3742 715 3833 subjecta
731 3744 846 3836 primis
863 3746 896 3810 in
916 3744 1086 3812 frondibus
1105 3746 1188 3836 ignis

345 3858 515 3927 Exclamat
533 3886 540 3925 ι
559 3858 655 3931 labor
670 3863 803 3931 insanos
821 3889 931 3932 arcere
947 3879 1107 3955 parentes.

345 3981 442 4046 Stant
457 3979 540 4069 jussi
557 3981 684 4065 Danai,
704 3996 802 4073 atque
820 3983 962 4051 obtentis
979 3986 1107 4052 eminus
1127 3984 1226 4049 armis
