2812 5258
423 332 441 369 a.

287 408 344 463 aod
506 450 512 461 .
604 408 815 466 THEBAIDOS
835 409 945 464 LIBER
966 408 1016 462 xl.
1237 407 1336 472 (vat.)

283 532 423 603 Vidistis
439 532 584 630 (Stygiis
601 549 692 604 certe
710 534 903 604 manifestus
923 536 958 601 in
977 530 1130 623 umbris)

284 654 455 749 Sanguine
465 652 625 724 sedatum
638 655 760 742 rictus,
780 669 919 749 atroque
936 653 1126 723 madentem

284 779 354 846 Ora
374 775 492 845 ducem
512 775 619 845 tabo:
640 778 799 847 miserum
819 775 1014 845 insatiabilis
1030 773 1101 842 edit

284 896 341 964 Me
354 894 503 965 tradente
514 912 616 991 eaput
629 872 756 966 :modo
776 921 896 991 nempe
914 894 1102 989 horrendus
1121 895 1163 962 ab
1181 899 1279 964 astris

284 1014 464 1085 Descendit
476 1041 536 1085 vos
554 1041 661 1109 usque
675 1017 812 1112 fragor:
833 1042 907 1085 mea
922 1040 1015 1085 sacra
1033 1015 1206 1110 premebat

283 1122 495 1229 Tempestas,
512 1161 575 1232 ego
595 1139 699 1207 mixta
720 1138 783 1206 viri
802 1134 978 1206 furialibus
996 1136 1097 1204 armis

284 1257 376 1328 Bella
391 1259 518 1348 Deum,
536 1274 569 1327 et
588 1266 726 1354 magnas
745 1256 896 1327 ridebam
911 1255 1060 1325 fulminis
1081 1257 1157 1324 iras.

283 1379 348 1449 Sed
358 1382 428 1474 jam
442 1380 590 1474 (effabor
603 1379 718 1474 enim)
735 1379 836 1473 longo
854 1376 974 1446 sudore
987 1377 1144 1446 fatiscunt

285 1499 416 1588 Corda,
438 1525 545 1583 soror,
565 1497 732 1592 tardeque
752 1523 891 1568 manus:
911 1498 1012 1568 hebet
1028 1496 1134 1566 infera
1150 1496 1235 1567 coelo

283 1625 409 1703 Taxus,
429 1636 462 1690 et
479 1622 625 1690 insuetos
641 1645 766 1714 angues
782 1621 883 1689 nimia
901 1634 989 1689 astra
1004 1634 1175 1714 soporant.

284 1745 354 1828 Tu,
376 1744 431 1811 cui
450 1756 539 1811 totus
559 1740 670 1817 adhuc
688 1740 794 1831 furor,
813 1740 1046 1835 exsultantque
1062 1755 1210 1809 recentes

284 1863 401 1958 Cocyti
415 1862 456 1932 de
473 1862 564 1933 fonte
577 1887 698 1950 comae,
719 1861 762 1931 da
774 1862 917 1957 jungere
932 1862 1029 1930 vires.

284 1985 362 2052 Non
382 1981 495 2053 solitas
515 1984 622 2072 acies,
644 2009 704 2056 nec
724 1986 849 2054 Martia
868 1981 955 2052 bella
974 2006 1149 2079 paramus,

283 2104 349 2173 Sed
371 2104 512 2175 fratrum
534 2104 633 2201 (licet
651 2102 738 2175 alma
758 2104 856 2194 fides,
880 2106 1051 2201 pietasque
1069 2119 1273 2198 repugnent,

283 2224 509 2320 Vincentur),
528 2224 670 2294 fratrum
683 2225 866 2320 stringendi
886 2227 1039 2294 eominus
1056 2249 1160 2293 enses.

284 2345 421 2415 Grande
442 2370 526 2439 opus
547 2372 556 2413 ε
578 2348 658 2439 ipsae
676 2345 779 2431 odiis,
800 2347 878 2438 ipsae
894 2342 1102 2413 discordibus
1120 2345 1219 2412 armis

284 2469 449 2559 Aptemur
467 2491 475 2532 :
496 2463 577 2558 quid
594 2462 682 2533 lenta
701 2463 817 2533 venis?
837 2462 978 2559 agedum
997 2463 1096 2558 elige,
1116 2464 1210 2557 cujus

284 2587 385 2681 Signa
398 2585 505 2655 feras:
525 2586 624 2655 ambo
643 2583 776 2668 faciles,
799 2585 990 2679 nostrique,
1008 2583 1067 2654 sed
1082 2610 1205 2679 anceps

283 2706 434 2801 Vulgus,
455 2720 489 2776 et
502 2705 621 2776 allatus
637 2707 769 2796 matris,
786 2704 1011 2801 blandamque
1026 2721 1161 2800 precatu

284 2830 473 2923 Antigonen
491 2828 608 2918 timeo,
626 2825 776 2922 paullum
794 2852 836 2897 ne
851 2842 964 2897 nostra
984 2825 1129 2895 retardet

285 2948 457 3019 Consilia:
480 2950 551 3043 ipse
570 2950 687 3039 etiam,
708 2951 766 3043 qui
786 2974 846 3017 nos
865 2947 986 3016 lassare
1006 2945 1174 3041 precando

284 3074 426 3157 Suetus,
444 3085 475 3139 et
491 3068 626 3141 ultrices
643 3069 816 3141 oculorum
833 3092 1011 3162 exposcere
1028 3068 1137 3152 diras,

283 3194 357 3258 Jam
375 3207 469 3284 pater
486 3210 536 3260 est
556 3218 563 3260 :
584 3207 671 3261 coetu
689 3190 793 3259 fertur
808 3190 878 3281 jam
897 3186 987 3257 solus
1008 3189 1049 3256 ab
1067 3190 1159 3257 omni

284 3309 379 3380 Flere
396 3313 458 3380 sibi
478 3338 486 3379 τ
506 3326 606 3405 atque
627 3311 710 3380 adeo
728 3333 842 3378 moror
859 3310 931 3402 ipsa
954 3309 1140 3405 irrumpere
1158 3309 1306 3397 Thebas,

283 3439 528 3526 Assuetumque
548 3433 677 3501 larem:
697 3431 755 3500 tibi
774 3446 889 3526 pareat
908 3432 1029 3524 impius
1045 3428 1159 3517 exsul,

284 3551 545 3647 Argolicumque
564 3550 698 3647 impelle
714 3552 823 3640 nefas,
845 3578 911 3622 neu
926 3554 1015 3621 mitis
1029 3552 1191 3622 Adrastus

283 3672 478 3754 Praevaleat‚
499 3670 691 3768 plebesque,
711 3697 805 3760 cave,
827 3678 963 3743 Lernaea
983 3689 1141 3743 moretur.

283 3793 397 3877 Vade,
416 3808 448 3862 et
470 3795 505 3862 in
524 3792 667 3863 alternas
686 3796 819 3863 inimica
839 3809 1006 3864 revertere
1025 3820 1198 3890 pugnas.»

331 3913 425 3984 Talia
443 3915 573 4009 partitae
590 3913 758 3984 diversum
773 3916 884 3984 abiere
902 3940 1042 3986 sorores.

286 4038 331 4106 Ut
346 4037 454 4105 Notus
469 4051 502 4104 et
516 4039 653 4126 boreas,
673 4037 804 4132 gemino
822 4036 864 4105 de
881 4036 1017 4107 cardine
1032 4036 1168 4125 mundi,
