2812 5258
93 457 112 474 Ἀ
116 456 544 476 ἎἊἋἋἊΜΜἊΜ
552 456 1116 478 Ummmfflfflmw

346 772 867 878 ADNOTATIONES

175 1079 240 1164 IN
272 1079 318 1163 P.
353 1078 576 1164 PAPINlI
608 1074 798 1163 STATII
829 1074 1036 1164 SILVAS.

388 1759 431 1813 ΙΝ
452 1758 619 1813 LIBRUM
637 1758 816 1815 PRIMUM.

133 1939 167 1993 In
182 1955 350 1992 arrsronnn.
373 1936 448 2007 Quid
461 1937 561 1991 earm...
575 1955 682 2010 quoque
701 1938 874 1993 auctoritate.
894 1939 1036 1994 Lacunam
1050 1939 1114 1995 edi-

94 2029 203 2085 tionum
211 2039 278 2085 vett.
294 2038 321 2084 et
335 2027 417 2082 codd.
429 2027 535 2099 aliquot
549 2028 684 2081 sententia
699 2027 769 2082 duce
778 2027 816 2082 ita
827 2027 949 2100 explevit
957 2029 1113 2086 Domitius:

95 2147 106 2171 a
123 2122 200 2191 Quid
220 2121 293 2176 enirn
309 2131 417 2194 oportet
430 2117 510 2188 hujus
528 2136 644 2191 quoque
665 2127 772 2187 auct.,»
790 2129 841 2173 etc.
861 2120 947 2190 Cujus
969 2121 1114 2192 conjectu·

93 2232 152 2268 ram
175 2214 258 2269 codd.
279 2216 369 2282 Vrat„
386 2211 471 2266 Drak.
492 2221 519 2266 et
534 2209 618 2265 Paris.
639 2207 826 2264 confirmant:
849 2228 935 2283 quare
957 2223 1114 2269 ceterorum

93 2303 290 2359 hariolationes
307 2302 467 2358 omittimus.

135 2397 193 2450 Sed
203 2409 296 2450 tornea
309 2412 457 2449 cccxxvnr
473 2392 651 2447 hexametrus
665 2391 874 2447 lascaverunt
887 2409 1114 2470 numerutnprae-

91 2487 140 2543 bet
158 2486 220 2542 cod.
233 2486 318 2541 Paris.
338 2503 484 2539 :cnxxvin

131 2581 255 2636 Cranen
270 2579 291 2632 1.
307 2565 402 2650 Equus
419 2576 558 2629 maximus
573 2575 733 2630 Dornr'tr'oni.
747 2575 890 2648 Equestris
902 2587 992 2631 statua
1010 2575 1113 2630 Domi-

92 2671 160 2726 tiani
172 2671 244 2725 inter
257 2687 289 2724 ea
306 2668 425 2740 antiquae
439 2667 504 2721 artis
518 2684 604 2738 opera
615 2666 712 2721 referri
722 2665 818 2735 debet,
829 2684 965 2739 quorum,
974 2666 1028 2719 nisi
1039 2683 1113 2738 poe-

92 2773 181 2819 tarum
201 2760 370 2817 carminibus
389 2769 478 2814 essent
502 2758 655 2826 celebrata,
676 2757 765 2811 omnis
789 2755 924 2811 memoria
949 2756 1113 2814 evanuisset.

92 2856 162 2909 Nam
174 2865 275 2927 praeter
290 2870 335 2921 ea,
353 2870 415 2924 quae
427 2850 529 2906 Statius
544 2859 572 2904 et
584 2847 732 2916 Martialis,
742 2848 841 2919 Κρίῳ.
861 2865 886 2917 1,
902 2865 952 2917 71,
965 2847 998 2918 6,
1013 2867 1114 2905 nam.

92 2956 170 3015 runt,
183 2948 289 3000 nullum
303 2953 392 2999 exstat
404 2942 464 3013 ejus
473 2939 627 3014 vestigium.
641 2942 671 2994 P.
685 2938 784 2993 Victor
797 2949 824 2993 et
838 2941 938 2994 Sextus
952 2941 1042 2997 Rufus
1054 2960 1114 2998 nou

92 3034 144 3089 nisi
160 3052 261 3090 nomen
274 3034 410 3105 afferunt,
424 3033 466 3087 his
480 3029 573 3087 verbis
587 3050 594 3084 :
610 3031 727 3102 «Equus
743 3029 863 3084 aheneus
880 3031 1033 3086 Domitiani
1049 3035 1113 3089 Au·
1205 3072 1209 3080 ·

93 3123 180 3197 gusti,
197 3128 296 3181 »nulla
310 3136 402 3180 tamen
418 3122 593 3196 expositione
612 3120 715 3176 addita.
740 3124 907 3194 Quanquam
924 3122 1011 3196 igitur
1025 3122 1115 3180 critici

93 3214 217 3289 undique
230 3217 403 3291 collegerunt
419 3213 592 3287 antiquitatis
605 3211 777 3281 testimonia,
791 3212 920 3268 sunthac
933 3224 981 3269 aut
990 3214 1057 3270 falsa
1065 3226 1115 3271 aut

94 3303 181 3359 aliena
192 3306 228 3360 ab
242 3307 296 3361 hoc
309 3305 463 3365 Domitiani
474 3313 671 3372 monumento,
691 3302 770 3374 cujus
790 3313 937 3360 auctorne
951 3306 1114 3378 conjectura

94 3396 206 3469 quidem
220 3399 361 3470 probabili
380 3396 513 3475 cognosci
531 3405 631 3469 potest.
652 3395 746 3450 Hnno.
766 3397 945 3452 Exsttuctum
958 3399 1041 3455 fuisse
1058 3401 1114 3456 hoc

94 3507 166 3560 opus
185 3497 250 3560 post
271 3505 372 3542 annum
390 3491 445 3547 836
466 3489 510 3544 vel
528 3488 599 3543 adeo
615 3485 669 3556 837
691 3486 726 3540 ab
749 3488 785 3542 U.
804 3489 834 3543 C.
856 3488 939 3546 docet
956 3508 1113 3567 cognomen

96 3580 357 3645 Gemanier',versu
369 3580 467 3652 quinto
481 3579 643 3636 Domitiano
658 3578 762 3634 datum.

133 3672 192 3725 Nee
209 3689 293 3745 grege
311 3665 350 3745 (t.
375 3668 429 3745 aa).
449 3672 566 3728 Pulchre
581 3688 647 3727 usus
665 3679 707 3726 est
727 3669 839 3746 Virgilii
860 3670 968 3742 verbis,
985 3672 1112 3738 AEneid.‚

95 3780 133 3834 n,
147 3761 203 3818 238
220 3782 227 3816 :

197 3951 204 3963 .
216 3951 223 3963 .
239 3951 245 3962 .
260 3950 266 3963 .
280 3912 350 3961 Pueri
359 3912 448 3962 circum
461 3911 610 3981 innuptnque
622 3915 706 3981 puella

197 4000 266 4046 Sacra
277 4005 365 4046 canuit
376 3993 503 4060 funemque
512 4011 582 4047 mauu
595 3998 730 4062 contingere
743 3997 853 4061 gaudent
