2812 5258
195 402 251 470 aas
491 401 702 458 rnnnsrnos
723 400 836 456 unm
858 401 922 456 xn.
1109 402 1145 463 (v.
1162 401 1236 466 sos.)

195 534 395 623 Regnaque,
412 544 445 596 et
463 554 483 597 a
495 529 593 620 justis
607 531 754 596 Fortuna
771 527 941 595 recederet
958 525 1035 594 aris.

192 652 266 717 Jam
288 663 367 718 tunc
385 651 564 717 innumerae
581 662 705 717 norant
723 645 842 716 altaria
862 663 986 743 gentes.

195 774 270 839 Huc
287 771 365 839 victi
383 767 491 856 bellis,
512 771 685 864 patriaque
703 794 721 837 e
742 767 820 837 sede
840 767 963 863 fugati,

195 895 453 985 Regnorumque
471 891 609 984 inopes,
625 887 854 984 scelerumque
873 914 985 959 errore
1004 905 1164 959 nocentes

195 1011 427 1096 Conveniunt,
442 1034 624 1104 pacemque
641 1025 785 1105 rogant:
805 1035 883 1079 mox
896 1010 1029 1103 hospite
1044 1009 1135 1078 sedes

194 1131 283 1199 Vicit
300 1144 334 1198 et
352 1130 539 1223 OEdipodae
555 1130 691 1218 Furias,
707 1145 741 1199 et
756 1128 856 1199 funus
873 1129 1012 1223 Olynthi

194 1250 304 1334 Texit,
319 1266 386 1319 eta
403 1252 526 1320 misero
543 1266 683 1321 matrem
699 1251 866 1320 submovit
884 1254 1012 1321 Oreste.

242 1375 341 1440 Hunc
355 1370 457 1466 vulgo
472 1386 678 1442 monstrante
694 1369 820 1468 locum,
833 1394 949 1439 manus
964 1370 1062 1438 anxia
1077 1373 1196 1438 Lernae

194 1492 385 1561 Deveniunt
399 1517 408 1559 :
424 1491 511 1559 cedit
529 1492 726 1561 miserorum
747 1492 845 1560 turba
864 1493 1023 1584 priorum.

195 1613 261 1681 vix
279 1612 330 1679 ibi·
342 1610 463 1680 sedatis
480 1612 675 1704 requierunt
694 1627 829 1704 pectora
846 1613 956 1679 curis:

196 1736 264 1802 Ceu
285 1733 410 1827 patrio,
429 1756 530 1827 super
547 1729 629 1816 alta,
648 1757 746 1827 grues
764 1731 930 1824 Aquilone
949 1731 1069 1827 fugatae

195 1859 309 1948 Quum
326 1857 438 1927 videre
453 1858 606 1945 Pharon3
626 1872 706 1927 tunc
726 1859 849 1927 aethera
868 1856 966 1927 latius
985 1857 1143 1952 implent,

196 1982 291 2048 Tunc
308 1976 408 2047 hilari
425 1977 582 2073 clangore
599 1994 737 2066 sonant3
752 1979 847 2073 juvat
864 1978 945 2048 orbe
967 2003 1082 2047 sereno

196 2100 419 2169 Contemsisse
438 2100 546 2186 nives,
563 2114 596 2168 et
614 2098 739 2195 frigora
759 2098 887 2169 solvere
903 2097 993 2170 Nilo.

195 2223 336 2313 Jamque
353 2220 469 2289 domos
487 2221 625 2314 patrias,
645 2221 805 2314 Scythice
821 2235 897 2314 post
913 2245 1028 2315 aspera
1046 2219 1150 2313 gentis

195 2336 333 2425 Proelia,
356 2337 521 2432 laurigero
541 2338 736 2406 subeuntem
755 2339 883 2406 Thesea
900 2364 1000 2408 curru

196 2457 331 2527 Laetifici
349 2456 499 2552 plausus,
515 2457 700 2549 missusque
717 2456 760 2524 ad
779 2456 886 2524 sidera
902 2456 995 2552 vulgi

196 2575 345 2664 Clamor,
363 2590 396 2644 et
412 2576 557 2644 emeritis
576 2573 691 2644 hilaris
709 2576 791 2645 tuba
813 2577 947 2646 nuntiat
965 2577 1075 2645 armis.

198 2701 285 2766 Ante
304 2695 421 2765 ducem
437 2694 544 2790 spolia
563 2711 598 2766 et
615 2695 692 2766 duri
707 2699 872 2769 Mavortis
893 2699 1021 2790 imago,

196 2817 347 2912 Virginei
368 2841 504 2901 currus,
524 2815 759 2914 cumulataque
778 2816 900 2887 fercula
920 2817 1046 2901 cristis,

197 2941 240 3006 Et
260 2938 367 3006 tristes
386 2937 555 3007 ducuntur
571 2941 667 3032 equi,
687 2954 875 3028 truncaeque
892 2935 1069 3029 bipennes,

196 3057 282 3144 Quis
301 3081 438 3126 nemora
455 3072 487 3126 et
505 3056 645 3126 solidam
664 3054 817 3125 Maeotida
836 3054 963 3124 caedere
980 3072 1100 3145 suctae,

197 3177 379 3269 Corytique
398 3176 484 3245 leves
503 3191 690 3271 portantur,
709 3189 741 3242 et
761 3175 856 3267 ignea
874 3178 1012 3271 gemmis

197 3294 359 3389 Cingula,
378 3310 411 3363 et
431 3295 587 3364 informes
605 3294 814 3363 dominarum
836 3296 996 3389 sanguine
1016 3294 1122 3389 peltae.

196 3418 280 3508 Ipsae
301 3430 411 3483 autem
432 3415 582 3483 nondum
599 3412 754 3508 trepidae,
773 3439 927 3484 sexumve
943 3415 1098 3504 fatentur,

196 3536 267 3604 Nec
286 3532 422 3627 vulgare
438 3548 591 3628 gemunt,
611 3549 896 3629 aspernanturque
914 3537 1060 3628 precari,

197 3657 239 3724 Et
255 3666 386 3721 tantum
402 3655 549 3746 innuptae
566 3668 721 3746 quaerunt
739 3653 877 3724 delubra
892 3657 1062 3723 Minerva.

242 3773 374 3842 Primus
391 3796 484 3840 amor
503 3773 608 3842 niveis
627 3775 788 3861 victorem
807 3799 944 3843 cernere
963 3790 1094 3843 vectum

194 3893 431 3988 Quadrijngis,
448 3917 511 3961 nec
530 3919 598 3963 non
617 3893 758 3990 populos
779 3897 812 3963 in
832 3910 933 3964 semet
952 3896 1070 3990 agebat

196 4012 394 4111 Hippolyte,
409 4014 478 4107 jam
496 4012 618 4084 blanda
636 4040 754 4110 genas,
774 4017 966 4109 patiensque
985 4017 1094 4085 mariti
