2812 5258
54 433 169 499 (ΨΜ.)
369 429 581 486 muamus
603 429 712 484 LIBER
735 430 785 483 Vl.

54 559 237 642 Cominus,
259 571 290 623 et
308 552 406 623 simili
423 569 565 622 stantem
584 557 722 655 miratus
742 557 843 624 inira

55 674 198 746 Sustulit
213 672 396 758 exsultans,
416 673 609 767 nudumque
628 673 671 742 ad
688 688 823 768 pectora
843 676 972 768 pressit.

104 793 202 862 lllum
221 793 414 888 indignatur
431 794 626 886 Capaneus,
642 792 795 887 ridetque
814 808 1007 882 vocantem,

52 915 103 983 Ut
124 915 301 997 miserans,
321 913 494 1006 poscitque
513 911 639 981 alium:
661 912 861 1005 tandemque
879 929 1012 982 coactus

53 1034 205 1118 Restitit,
224 1048 258 1101 et
277 1030 420 1101 stimulis
435 1034 504 1122 jam
522 1030 680 1126 languida
696 1031 781 1101 colla
799 1049 996 1102 tumescunt.

54 1151 241 1222 Fulmineas
263 1151 328 1220 alte
348 1154 497 1245 suspensi
519 1176 662 1247 corpora
682 1151 803 1245 plantis

54 1277 197 1342 Erexere
215 1298 357 1342 manus:
378 1286 452 1340 tuto
472 1270 588 1365 procul
609 1297 669 1341 ora
687 1297 817 1342 recessu
906 1360 909 1365 Ι

54 1397 233 1462 Armorum
254 1395 289 1460 in
304 1391 469 1485 speculis,
491 1392 665 1485 aditusque
682 1391 724 1461 ad
745 1392 884 1462 vulnera
900 1394 992 1463 clusi.
1077 1413 1079 1417 ’

56 1515 120 1582 Hic
139 1529 284 1607 quantus
303 1514 426 1607 Stygiis
446 1514 559 1606 Tityos
577 1529 758 1609 consurgat
777 1516 818 1582 ab
837 1517 941 1601 arvis,

55 1635 90 1703 Si
111 1648 214 1703 torvae
232 1634 402 1727 patiantur
420 1657 514 1720 aves,
535 1648 627 1702 tanta
646 1633 793 1728 undique
811 1634 928 1729 pandit

54 1754 283 1823 Membrorum
301 1755 427 1848 spatia,
448 1769 480 1822 et
499 1757 598 1823 tantis
619 1754 709 1823 ferus
727 1755 855 1824 ossibus
872 1770 987 1824 exstat.

103 1876 166 1943 Hic
182 1873 295 1969 paullo
311 1888 387 1941 ante
405 1898 499 1968 puer,
516 1874 572 1942 sed
593 1876 681 1943 enim
698 1876 861 1943 maturius
881 1900 951 1944 aevo

52 1994 186 2080 Robur,
204 2008 236 2060 et
255 1995 403 2087 ingentes
421 1991 561 2087 spondet
578 2009 671 2062 tener
692 1995 835 2089 impetus
854 2021 979 2083 annos3

52 2115 165 2204 Quem
184 2114 273 2181 vinci
291 2112 382 2180 haud
401 2113 595 2206 quisquam,
614 2137 700 2181 saevo
718 2139 779 2182 nec
798 2118 957 2209 sanguine
976 2119 1060 2213 tingi

53 2231 169 2320 Matit3
187 2247 221 2301 et
236 2247 346 2301 erecto
362 2234 475 2301 timeat
492 2233 680 2328 spectacula
701 2251 791 2304 voto.

105 2359 152 2425 Ut
170 2378 240 2422 sese
259 2355 426 2448 permensi
443 2352 565 2442 oculis,
584 2370 617 2423 et
634 2369 774 2449 uterque
784 2357 931 2450 priorem

56 2479 237 2571 Speravere
255 2473 386 2562 locum,
407 2500 474 2543 non
493 2476 645 2568 protinus
665 2477 730 2565 ira,
749 2502 809 2546 nec
826 2479 930 2547 ictus:

60 2594 215 2666 Alternus
230 2594 379 2690 paullum
398 2599 511 2684 timor,
527 2611 561 2664 et
576 2599 738 2690 permixta
756 2597 861 2667 furori

58 2715 223 2803 Consilia;
243 2716 404 2786 inclinant
424 2716 556 2784 tandem
574 2720 741 2785 contraria
757 2720 850 2811 jactu

59 2838 219 2926 Brachia,
238 2852 271 2906 et
290 2836 464 2932 explorant
480 2849 613 2922 castus,
634 2835 858 2931 hebetantque
878 2836 1027 2908 terendo.

106 2960 251 3027 Doctior
266 2957 321 3025 hic
339 2957 452 3026 differt
472 2956 640 3040 animum,
660 2969 877 3052 metuensque
898 2957 1002 3026 futuri

56 3082 242 3150 Cunctatus
263 3080 349 3146 vires
367 3078 560 3173 dispensat:
579 3090 613 3144 at
633 3074 689 3146 illc
707 3077 849 3145 nocendi
908 3108 912 3115 ¹

54 3199 238 3294 Prodigus,
260 3200 479 3291 incautusque
498 3199 568 3284 sui,
590 3198 658 3265 ruit
677 3198 803 3285 omnis,
822 3213 855 3266 et
870 3199 985 3267 ambas

56 3322 233 3392 Consumit
250 3321 321 3389 sine
341 3317 415 3414 lege
435 3344 571 3406 manus,
593 3332 693 3411 atque
715 3319 809 3386 irrita
830 3317 955 3386 frendit

56 3443 252 3535 lusurgens,
268 3465 370 3536 seque
386 3441 456 3534 ipse
473 3440 594 3532 premit
613 3465 620 3506 :
641 3439 699 3507 sed
715 3437 876 3533 providus
894 3453 987 3524 astu,

57 3565 100 3631 Et
116 3563 225 3656 patria
240 3560 319 3655 vigil
336 3575 407 3630 arte
425 3563 558 3643 Lacon,
579 3559 641 3627 hos
656 3560 764 3652 rejicit
785 3560 886 3649 ictus,

56 3684 128 3751 llos
150 3695 244 3748 cavet
261 3681 453 3750 :interdum
472 3695 572 3769 nutu,
593 3682 777 3773 capitisque
791 3681 882 3750 citati

57 3804 193 3897 integer
213 3799 390 3892 obsequio,
409 3801 562 3870 manibus
582 3824 672 3869 nunc
691 3800 789 3869 obvia
808 3800 873 3869 tela

56 3922 267 4008 Discutiens,
287 3921 388 3989 instat
406 3947 538 4017 gressu,
557 3920 716 4017 vultuque
734 3900 883 3991 recedit:

56 4043 152 4140 Sapo
169 4043 270 4112 etiam
287 4042 419 4135 injustis
434 4041 591 4112 collatum
609 4042 736 4133 viribus
755 4043 903 4128 hostem,

205 4187 240 4233 u.
914 4155 938 4225 6
