2812 5258
410 482 823 539 uonnanmrunnnn.
1105 488 1134 560 xj

108 612 190 679 dicis
208 608 437 700 Ilbedtgerani
459 608 527 676 sive
554 612 588 676 V
587 608 829 676 ratr'slavzensis
846 633 916 676 saec.
940 634 996 678 mv
1016 612 1049 678 in
1069 611 1133 680 Sil·

106 729 181 824 It'gu'
194 728 387 822 repetitione
409 726 564 795 editionis
584 725 857 814 Marklandiunae,
875 754 908 820 p.
931 752 970 798 ar
996 755 1085 823 sqq„
1102 745 1135 799 et

111 848 311 917 Faustinus
329 846 410 914 anni
441 851 530 941 1470
547 846 619 939 (qui
638 846 758 914 desinit
778 848 811 913 in
826 870 867 933 v,
889 870 926 933 a,
944 871 975 915 v.
997 844 1080 943 257)
1099 849 1133 917 in

107 966 155 1036 ed
184 968 355 1050 Lemni,
384 990 478 1058 aeque
497 967 669 1058 utriusque
695 965 893 1059 interpolati.
918 966 992 1036 Alia
1015 967 1135 1036 solum·

107 1084 205 1155 modo
223 1086 264 1153 ad
286 1086 352 1153 tria·
365 1087 478 1177 priora
493 1086 701 1178 carminaap.
720 1084 897 1153 Handium.
913 1087 981 1174 Qui
997 1087 1032 1153 in
1052 1090 1087 1154 V
1088 1087 1135 1153 in·

104 1204 289 1275 dobonensi
306 1203 506 1273 bibliotheca
526 1219 675 1274 servatur
696 1206 723 1273 si
743 1230 781 1272 ex
805 1205 948 1274 Budcnsi
974 1219 1023 1273 est
1049 1205 1134 1273 deri·

104 1323 250 1411 randus,
278 1322 369 1417 quod
396 1323 485 1392 credi
518 1322 593 1393 licet
617 1349 655 1392 ex
682 1324 855 1418 adscriptis
881 1325 911 1392 ei
939 1325 1044 1411 notis,
1070 1322 1133 1392 alia

103 1444 200 1512 etiam
218 1457 345 1512 servata
362 1458 411 1512 est
431 1442 553 1512 familia
570 1468 669 1537 quam
686 1446 862 1537 Poggiana.

152 1564 195 1630 ΙΙ.
219 1565 420 1633 annnrnos
442 1560 593 1632 codicum
616 1564 731 1656 ingens
751 1565 845 1656 copia
867 1565 901 1631 in
926 1561 1132 1659 bibliothecis

103 1697 263 1770 servatur,
288 1707 430 1775 quorum
450 1684 602 1752 notitiam
629 1698 703 1777 pete
726 1708 765 1752 ex
792 1686 950 1753 Hmnenu
970 1682 1134 1776 catalogis

103 1808 417 1898 manuscriptorum,
440 1804 605 1898 Catalogo
626 1807 742 1897 Regire
759 1804 963 1873 parisiensis
980 1804 1063 1897 (sive
1078 1802 1130 1872 ed.

103 1923 258 2004 teman,
276 1919 340 1986 vol.
359 1944 409 2005 ιν,
430 1946 462 2013 p.
482 1922 602 2009 6264,
622 1925 679 2016 qui
697 1938 730 1991 et
747 1924 955 1991 Britannicos
973 1920 1070 2015 plene
1083 1944 1133 1990 re·

104 2051 232 2122 censet,
245 2063 277 2130 p.
296 2034 432 2128 56-61),
451 2039 563 2106 Eberti
575 2043 726 2134 catologo
739 2045 839 2112 MSS.
854 2040 1130 2134 Guefferbytuno·

105 2178 234 2249 rum,p.
258 2152 322 2249 157
342 2180 410 2247 sq.,
427 2171 461 2224 et
474 2155 556 2224 aliis.
577 2158 641 2226 Sed
655 2183 710 2226 eos
727 2183 907 2227 memorare
915 2173 1065 2227 nostrum
1082 2173 1132 2228 est

102 2274 371 2367 quibuseditorcs
389 2277 439 2343 usi
456 2290 543 2344 sunt.
562 2280 689 2369 Agmen
706 2277 797 2345 ducit
812 2278 1059 2369 antiquissimus
1079 2277 1133 2347 ille
1195 2288 1201 2300 '

101 2408 135 2461 et
147 2395 291 2487 optimus
309 2393 436 2462 Barthii
447 2446 456 2480 ,
469 2396 527 2487 qui
547 2394 691 2487 reliquos
706 2420 819 2463 omnes
838 2394 937 2488 longo
957 2395 1130 2465 intervallo

102 2526 175 2605 post
191 2537 225 2580 se
237 2511 395 2605 relinquit
412 2539 419 2580 :
438 2512 528 2581 hunc
543 2516 743 2584 recensionis
756 2538 849 2582 novae
859 2513 998 2583 fundum
1016 2515 1129 2584 baberi

102 2647 251 2725 oportet,
269 2647 306 2700 ut
323 2633 519 2701 Bembinum
537 2636 570 2701 in
595 2636 766 2721 Terenti03
787 2658 854 2703 non
879 2634 970 2727 quod
986 2633 1068 2703 liber
1088 2636 1130 2703 sit
1241 2708 1244 2719 ,

100 2753 143 2820 ab
167 2751 422 2846 interpolatione
449 2753 498 2822 vel
524 2778 634 2823 errore
661 2757 768 2840 omni,
793 2752 850 2821 sed
879 2752 968 2845 quod
995 2778 1129 2822 manum

102 2886 204 2964 poetae
223 2871 320 2964 longe
338 2871 490 2965 plurimis
511 2874 544 2940 in
563 2871 641 2941 locis
658 2872 827 2942 evidenter
843 2885 949 2940 serrat
972 2897 981 2939 ε
1007 2874 1042 2939 in
1060 2872 1129 2940 tali·

100 2989 162 3058 bus
179 3016 256 3060 vero
274 2993 506 3085 manuscriptis
526 2993 723 3061 mutationes
738 3018 757 3061 a
776 2992 952 3061 lectoribus
970 2991 1020 3060 vel
1038 2993 1129 3060 criti-

101 3112 146 3178 cis
159 3110 252 3179 factae
268 3110 373 3180 multo
390 3110 517 3179 facilius
533 3111 836 3205 deprehenduntur,
853 3134 951 3203 quom
969 3113 1002 3178 in
1019 3134 1130 3179 recen·

102 3230 254 3315 tioribus,
274 3232 333 3323 qui
352 3245 447 3316 sunt,
469 3245 505 3298 ut
521 3230 561 3298 de
581 3246 687 3300 vetcrc
704 3229 804 3324 pallio
822 3230 1016 3299 Theocritus
1034 3229 1128 3315 dicit,

100 3339 189 3435 ’ἔργον
204 3347 246 3418 ἐπ’
267 3341 360 3439 imt-
380 3349 487 3442 Hujus
507 3352 608 3442 igitur
619 3376 682 3444 ope
706 3350 844 3437 codicis,
861 3375 882 3418 a
896 3350 1033 3419 Barthio
1051 3351 1129 3418 satis
1245 3341 1247 3344 Α

102 3485 250 3538 accurate
273 3469 343 3555 (sed
361 3493 429 3537 non
449 3469 491 3537 ad
515 3470 767 3540 Gronovianum
786 3483 926 3555 textum,
943 3492 1040 3561 quem
1066 3470 1128 3563 ipsi

101 3585 240 3655 obtrusit
259 3589 434 3674 Daumius,
462 3588 517 3657 sed
545 3587 588 3656 ad
602 3587 954 3682 ·Lindcnbrogianum)
980 3586 1127 3674 excussi,

100 3705 211 3772 sobrio
232 3707 357 3797 judicio
384 3734 459 3777 cum
493 3707 627 3801 reliquis
661 3707 771 3777 collati
801 3732 869 3775 non
899 3706 1016 3776 dubito
1042 3708 1125 3800 quin
1237 3748 1240 3753 ·

99 3824 240 3892 'l'lrebais
257 3826 297 3894 ad
308 3840 431 3894 tantam
442 3830 661 3921 integritatem
677 3828 813 3922 perduci
833 3828 952 3921 possit,
967 3840 1126 3919 quantam

100 3944 197 4036 pauci
207 3958 353 4012 veterum
363 3949 559 4039 scriptorum
576 3962 862 4041 recuperaverunt.
872 3950 960 4017 Usus
973 3959 1128 4039 praeterea

97 4062 253 4131 Burthius
271 4075 320 4129 est
338 4061 402 4130 alio
422 4064 560 4141 abhoc,
581 4080 618 4133 ut
638 4068 703 4152 ait,
722 4066 871 4134 derivato
891 4091 898 4131 ε
917 4089 958 4132 an
978 4060 1127 4155 pluribus
