2812 5258
366 406 406 460 nt
427 408 456 461 P.
477 406 507 461 P.
527 403 652 460 smu
673 403 781 458 THEB.
803 404 873 458 LlB.
895 403 945 458 Vl.
1119 403 1172 461 311

140 531 272 583 cuntur.»
296 522 392 575 Gaon.
412 549 452 562 -
465 522 533 576 Post
546 537 574 574 v.
594 524 650 584 nol
676 518 731 571 ΜΒ
751 534 759 569 :
779 519 898 572 extentis
918 518 1025 572 eminus
1045 537 1073 571 a.
1097 519 1174 574 Etr.

142 611 198 666 sod
212 610 324 686 aliquot
336 611 412 667 codd
431 631 438 666 ε
456 610 617 687 opulentior
632 610 699 676 ille,
712 607 854 682 probante
876 607 986 665 Wahei.
1005 607 1043 665 ad
1058 608 1176 684 Eurip.‚

140 705 202 758 Alc.
209 743 219 771 ,
232 703 299 760 dar.

182 809 268 865 Croeo
284 810 402 867 stn'dent
414 809 544 865 adem
557 809 644 862 mella
655 803 694 882 (v.
710 803 787 883 uro).
803 805 886 881 Legit
899 823 935 861 ex
947 817 1008 881 opt.
1023 805 1155 864 Barthius
1169 826 1176 861 a

138 903 299 956 adstridunt
314 901 457 958 humennie
474 919 529 968 m.,
550 919 566 957 e
585 899 692 975 quibus
715 897 795 972 prius
816 907 892 954 certe
913 898 1102 956 necessarium
1119 916 1178 955 esse

138 993 261 1050 ridetur.

176 1086 271 1141 Malta
286 1098 430 1161 gemunt...
446 1086 595 1158 rirdulgent
608 1085 696 1138 arnn's
712 1081 751 1157 (r.
765 1079 919 1160 naq-aii).
935 1084 1051 1156 Septem
1063 1083 1094 1138 hi
1110 1101 1177 1140 rer·

137 1197 184 1235 sus
204 1178 289 1252 plane
308 1177 393 1234 alieni
413 1175 530 1231 suntab
553 1175 610 1230 hoc
632 1175 698 1230 loco
719 1194 727 1230 τ
748 1192 844 1248 neque
865 1175 1049 1249 reperiuntur
1068 1174 1099 1230 iu
1118 1175 1179 1233 ullo

137 1270 236 1326 codiee
250 1288 286 1326 ex
308 1267 467 1325 numerosis
485 1266 553 1337 illis,
568 1286 642 1342 quos
660 1265 808 1338 Behotius,
821 1266 1032 1344 Liudeubrog„
1048 1268 1180 1326 Barthius

136 1370 298 1432 versanmt,
311 1378 406 1434 neque
417 1359 446 1415 in
455 1377 472 1415 a
481 1359 572 1436 segg.
583 1360 643 1416 Nec
652 1358 815 1416 Lactantius
829 1358 983 1436 quicquam
991 1359 1028 1416 ad
1033 1378 1083 1417 eos
1093 1378 1176 1418 eom·

136 1462 277 1508 mentatns
295 1462 345 1508 est.
360 1453 456 1522 Quare
474 1450 653 1524 eliminandi,
667 1463 700 1508 nt
712 1451 855 1508 Weberns
868 1449 944 1509 iecit.

178 1557 290 1614 Cunctis
304 1558 379 1615 arvt's
392 1568 423 1613 et
435 1556 572 1613 moenrhus
589 1554 628 1632 (r.
644 1555 722 1635 250).
740 1557 795 1614 ΜΒ
811 1574 819 1612 :
833 1556 949 1612 «uncti
960 1574 999 1612 ex
1015 1557 1099 1613 amr‘s.
1109 1559 1178 1616 »De

136 1667 216 1723 seqq.
237 1659 312 1706 recte
331 1649 472 1705 Weberus
492 1668 499 1704 :
521 1650 579 1704 «ln
597 1647 788 1724 descriptione
807 1649 944 1706 ludorum
962 1648 1085 1706 Statium
1101 1667 1175 1726 ago-

136 1756 202 1797 nem
216 1741 338 1816 aliquem
357 1741 401 1797 sni
423 1741 475 1796 aeri
492 1758 556 1795 cum
575 1740 741 1798 adulatione
758 1739 917 1798 Domitiani
934 1740 1091 1815 respexisse
1108 1741 1177 1817 pln-

136 1831 216 1888 ribus
228 1833 298 1892 locis
312 1832 414 1890 lectori
428 1842 537 1888 attento
550 1832 634 1889 etiam
651 1842 761 1890 tacente
778 1852 824 1890 me
840 1832 1021 1910 apparebit.»

179 1937 471 2011 Gramineoefrondes
490 1933 531 2015 (r.
553 1934 632 2014 ὥς).
659 1937 742 2009 Quid·
763 1949 831 1995 snut
855 1939 1013 2012 gmmr'neoe
1028 1936 1178 2010 frondes?

136 2030 250 2103 Sequor
271 2029 499 2088 emendationem
516 2029 697 2104 prestantiss.
721 2029 785 2086 cod.
806 2049 814 2084 :
834 2029 1022 2107 pennaque
1043 2028 1135 2100 etsr„
1152 2049 1176 2087 c.

135 2122 172 2197 gl.
192 2141 200 2176 ε
217 2125 384 2192 eFrondes,
402 2122 532 2179 tenuiora
545 2121 675 2192 arbusta,
689 2122 806 2179 frutices
825 2110 855 2178 et
874 2120 934 2182 alte
949 2119 1068 2180 humiles
1087 2122 1176 2178 arhu-

135 2216 250 2274 seulae.»
268 2217 376 2272 Bnrn.

178 2306 303 2379 Confirti
314 2306 352 2385 (r.
368 2304 446 2386 261).
461 2309 516 2364 ΜΒ
536 2328 543 2363 :
564 2308 728 2376 cummim·
741 2309 820 2364 Lact.
838 2327 845 2361 :
866 2306 994 2362 conserti.
1009 2306 1044 2362 V.
1064 2305 1174 2362 Bam.

134 2400 170 2455 Et
184 2400 270 2456 tertio
284 2400 387 2457 abhinc
402 2400 534 2457 nonnulli
547 2400 644 2456 Barth.
660 2418 668 2454 a
683 2402 829 2477 cultusque
844 2417 901 2473 pro
920 2400 989 2455 vult.

177 2507 303 2563 Pectoris
318 2506 418 2561 attritu
430 2501 469 2581 (r.
485 2501 563 2581 ψ).
577 2503 681 2560 Melius
697 2504 752 2560 un
771 2524 779 2560 a
794 2505 829 2561 P.
847 2504 973 2560 aserim

175 2612 244 2680 Die,
263 2612 368 2684 inclyte
386 2611 508 2677 Phoehe,
527 2621 670 2685 regentum
687 2611 811 2666 Nomina
827 2606 866 2685 (r.
889 2608 966 2685 296).
986 2609 1174 2667 Scribeudum

135 2713 196 2759 erat
210 2721 234 2758 c.
247 2704 344 2760 Barth.
359 2721 395 2759 ex
408 2700 576 2758 melioribus
589 2701 646 2756 suis
660 2711 689 2756 et
703 2702 774 2775 Reg.
793 2718 805 2754 r
823 2719 830 2754 ε
845 2701 900 2754 Dic
913 2701 1033 2772 enema,
1054 2701 1175 2770 Plroebe,

135 2814 193 2867 reg.
210 2796 244 2849 N.
594 2802 598 2823 ¹

177 2899 335 2954 Formidine
357 2909 441 2954 cauta
463 2895 501 2972 (r.
528 2894 605 2971 324).
628 2894 714 2950 Multi
730 2895 809 2952 MSS.
833 2913 841 2949 t
866 2896 897 2950 F.
914 2902 1020 2952 cannen
1042 2895 1173 2952 Ceterum

135 2989 324 3064 fragmentum
340 3007 375 3045 ex
390 2990 498 3046 Lucani
512 2988 627 3056 limeis,
643 2985 725 3062 qnod
742 3004 758 3042 a
775 2988 853 3042 Lact.
868 2985 949 3044 adh.
967 2988 986 3044 l
1005 2986 1132 3059 affertur,
1142 2988 1174 3045 iu

136 3091 241 3153 quarto
254 3098 338 3136 versu
351 3098 497 3152 maneum,
511 3081 654 3154 integrum
667 3077 818 3135 exhibetur
831 3078 862 3135 in
874 3078 941 3135 eod.
949 3077 1036 3136 Paris.
1048 3098 1077 3134 t«
1086 3080 1173 3137 Terra

137 3172 218 3228 dedit
231 3175 304 3230 coelo
318 3174 407 3228 lucem
420 3183 579 3247 naturaque
591 3190 687 3242 versa,
697 3196 710 3222 ι
722 3172 808 3246 plane
820 3182 859 3228 ut
870 3170 1031 3243 conjecerat
1043 3172 1174 3231 Linden-

135 3266 234 3342 hrog„
253 3285 282 3343 p.
305 3265 362 3336 7²8
377 3265 421 3322 ed
437 3264 517 3324 Crue.

178 3369 279 3439 Credo,
294 3371 368 3426 adeo
379 3389 478 3425 seeum
488 3370 671 3445 indignantur
683 3368 720 3446 (v.
737 3367 815 3448 334).
837 3369 994 3428 «Meliores
1005 3369 1073 3426 libri
1090 3371 1173 3428 eredo

137 3465 279 3536 equidem,
295 3483 319 3519 s.
334 3465 353 3522 i.
369 3462 497 3523 disertim
510 3462 670 3519 scribunt.»
690 3465 798 3520 Bsnru.

176 3571 304 3645 Dumque
316 3570 416 3641 chelyn
434 3573 516 3624 lauro
530 3566 566 3643 (v.
583 3566 639 3622 366
653 3567 716 3642 sq.).
732 3593 744 3617 α
754 3568 983 3624 Citharoedornm
997 3567 1173 3642 disciplinam

136 3661 293 3733 expressit:
312 3661 417 3736 quihus
435 3679 498 3716 mos
514 3657 597 3715 finito
615 3659 737 3716 camnine
757 3678 894 3718 coronam
912 3659 1070 3717 deuectam
1087 3662 1172 3737 capiti

136 3754 248 3808 cithare
263 3753 412 3828 subligare.
430 3777 443 3801 a
456 3754 542 3807 Lacr.

178 3846 331 3901 Fidissima
344 3845 453 3901 Phoebo
466 3846 588 3900 Numera
602 3842 640 3920 (r.
658 3845 736 3922 372).
751 3847 824 3903 Boni
837 3845 923 3903 codd.
941 3845 1025 3901 multi
1039 3863 1047 3899 τ
1062 3844 1172 3901 Pnoest.

178 3939 246 3993 Fila
267 3940 328 3993 eolo
343 3936 380 4011 (r.
406 3933 486 4013 380).
505 3936 693 3995 Seribeudnm
715 3941 777 3995 eoin
801 3957 837 3996 ex
854 3949 927 4013 optt.
947 3936 1051 4008 codd,
1069 3937 1173 3995 diserte

136 4039 312 4097 memorante
328 4028 481 4098 Prisciauo,
497 4048 547 4099 rr,
560 4048 590 4104 p.
607 4030 664 4101 278
684 4030 730 4088 ed.
746 4031 844 4087 Krehl.
