2812 5258
80 490 114 546 (c.
134 491 200 551 ¹75)
386 489 596 547 THEBAWOS
618 489 725 543 LIBER
747 491 798 543 Xl.

80 620 157 689 Vidi
177 633 306 712 egomet
325 632 460 710 propter
480 633 596 710 ruptos
616 615 742 687 telluris
763 619 891 706 hiatus,

81 742 152 808 Nec
172 739 284 807 subii:
305 736 371 805 vidi
390 739 597 823 exanimum,
614 737 741 830 fecique
762 756 933 808 nocentem

79 857 213 951 Tydea:
232 881 283 925 me
301 860 407 950 Tegee
426 881 539 950 regern
561 857 718 926 indefessa
738 862 899 952 reposcit,

79 978 237 1070 Orbaque
252 977 434 1046 Parrhasiis
452 975 559 1045 ululat
574 977 655 1045 mihi
679 991 781 1046 mater
800 982 834 1047 in
852 983 964 1048 antris.

77 1102 151 1192 lpse
167 1124 227 1167 nec
242 1100 363 1167 Ismeni
382 1100 487 1190 ripas,
504 1097 583 1165 dum
602 1112 716 1192 stagna
735 1116 886 1168 cruentat

78 1218 328 1313 Hippomedon,
346 1218 461 1309 Tyrias
479 1218 574 1311 potui
593 1242 654 1286 ncc
671 1216 826 1287 scandere
843 1236 967 1306 turres,

78 1342 168 1409 Dum
187 1353 297 1423 tonat,
316 1353 347 1406 et
366 1352 491 1418 tecum,
508 1340 681 1430 Capaneu,
700 1340 835 1408 miscere
854 1341 1006 1410 furores?

75 1462 160 1550 Quis
180 1473 290 1529 tantus
309 1482 370 1552 pro
388 1458 460 1528 luce
478 1457 595 1527 timor?
614 1458 670 1526 sed
690 1458 789 1554 digna
808 1459 998 1554 rependam.

75 1582 283 1652 Conveniant
301 1580 486 1674 ubicunque
502 1604 619 1669 nurus,
639 1597 823 1675 matresque
841 1583 1003 1679 Pelasgae,

77 1702 298 1794 longaevique
315 1716 441 1796 patres,
458 1726 601 1796 quorum
621 1717 667 1771 tot
687 1703 806 1797 gaudia
826 1708 950 1798 carpsi,

76 1825 267 1916 Orbavique
285 1822 423 1891 domos:
443 1823 537 1891 fratri
553 1800 715 1893 concurro
732 1851 740 1893 ε
761 1825 840 1916 qnid
859 1825 945 1895 ultra
962 1827 1036 1895 est?

75 1948 245 2039 Spectent,
264 1960 297 2012 et
315 1947 399 2017 votis
416 1945 573 2013 victorem
593 1945 743 2014 Eteoclea
763 1961 910 2038 poscant.

10 2048 12 2056 ¹
74 2068 214 2156 Jamque
233 2063 320 2151 vale,
338 2063 474 2157 conjux,
493 2063 671 2158 dulcesque
690 2064 795 2134 valete
814 2068 969 2159 Mycenae.

76 2188 121 2253 At
142 2198 192 2266 tu,
214 2207 287 2251 care
304 2207 397 2251 socer
414 2183 495 2275 (nec
513 2185 600 2251 enirn
617 2186 723 2253 omnis
740 2183 836 2278 culpa
858 2185 1019 2254 melorum

74 2305 130 2371 Me
148 2327 265 2395 penes;
284 2318 317 2370 et
334 2305 451 2395 Superi
468 2326 611 2388 mecum,
631 2307 804 2396 Parcaeque
821 2306 1015 2399 nocentes),

77 2423 127 2491 Sis
143 2421 224 2490 lenis
240 2422 360 2506 cineri,
377 2445 495 2513 meque
512 2421 582 2491 baec
593 2438 666 2516 post
685 2422 798 2516 proelia
818 2429 946 2519 rapt'um

75 2540 234 2626 hlitibus,
253 2541 413 2633 fratrique
431 2555 535 2635 tegas,
555 2567 704 2635 tarneque
723 2560 880 2638 reportes.

77 2664 148 2731 Hoc
166 2676 309 2745 tantum,
325 2676 357 2730 et
376 2677 460 2730 natae
475 2660 592 2730 melius
608 2663 773 2730 connubia
788 2665 949 2754 jungas.»

123 2783 219 2851 lbant
237 2783 270 2850 in
292 2781 471 2874 lacrymas;
492 2780 590 2848 veluti
609 2804 713 2872 quum
735 2805 808 2849 vere
826 2805 958 2847 reverso

75 2903 226 2970 Bistoniae
242 2916 375 2996 tepuere
391 2903 497 2983 nives,
517 2900 721 2968 submittitur
738 2901 853 2993 ingens

75 3027 223 3106 Haemus,
237 3037 269 3091 et
283 3036 439 3116 angustos
451 3020 613 3113 Rhodope
626 3018 793 3088 deseendit
804 3020 838 3087 in
849 3045 969 3087 amnes.

76 3148 228 3236 Coeperat
245 3156 277 3210 et
296 3142 361 3211 leni
382 3144 491 3210 senior
504 3141 645 3210 mulcete
662 3140 824 3208 furentem

74 3260 228 3358 Alloquio
249 3291 256 3332 :
277 3262 372 3333 scidit
389 3287 462 3331 orsa
482 3288 567 3331 novo
586 3277 711 3330 terrore
727 3275 865 3330 cruenta

73 3386 244 3470 Eumenis,
261 3382 484 3478 alipedemque
502 3383 619 3465 citum,
639 3381 815 3474 fataliaque
831 3407 938 3464 arma,

71 3505 226 3571 Protinus
246 3505 371 3573 Inachii
390 3501 499 3571 vultus
518 3527 667 3596 expressa
687 3501 833 3570 Perinthi

74 3618 222 3706 Obtulit,
238 3647 276 3690 nc
292 3623 373 3691 lidas
389 3622 527 3692 exclusit
539 3621 663 3691 casside
683 3647 787 3691 voces.

72 3745 120 3811 Ae
131 3765 229 3832 super
240 3742 308 3810 hoec
318 3768 326 3810 t
338 3744 531 3839 «Abrumpe
540 3767 667 3811 moras:
682 3738 875 3822 celeremus,
886 3760 919 3809 et
931 3740 1022 3809 illum

71 3860 259 3930 Adventare
274 3860 384 3929 ferunt
398 3865 537 3954 portis.»
555 3862 610 3929 Sic
624 3862 735 3928 omnia
748 3861 843 3944 vicit,

70 3982 334 4073 Correptumque
352 3980 461 4071 injecit
477 4004 584 4072 equo:
605 3979 692 4049 volat
709 4004 840 4071 aequore
855 3995 968 4072 aperto

72 4096 234 4187 Pallidus,
252 4101 495 4191 instantemque
511 4100 590 4168 Dea}
604 4097 828 4189 circumspicit
843 4096 1003 4164 umbram.

920 4216 968 4296 id.
