2812 5258
79 414 115 478 (v.
126 414 195 479 ω.)
400 408 615 467 ruanunos
633 408 743 466 amun
765 410 800 464 v.
1087 418 1122 478 lt

78 543 259 633 Exsangue
276 535 470 630 imperium,
488 549 523 603 et
540 549 692 604 moestam
709 535 780 603 sine
797 531 943 604 culmine
962 537 1125 604 Lemnon.

129 689 147 726 α
157 662 231 728 Jam
247 656 352 750 magis
370 668 471 748 atque
487 656 592 750 magis
609 653 724 749 vigiles
743 652 840 722 dolor
856 678 978 748 angere
996 677 1128 742 sensus,

78 782 125 850 Et
142 777 283 875 gemitus
301 774 401 863 clari,
420 788 454 843 et
471 772 645 869 paullatim
663 750 769 843 invisa
787 772 931 867 Polyxo,

79 904 153 971 Jam
172 899 360 969 meminisse
377 893 469 965 nefas
489 920 497 964 :
513 895 585 988 jam
604 918 729 989 ponere
747 893 905 963 Manibus
924 917 998 963 aras

80 1023 298 1103 Concessum,
316 1032 349 1086 et
365 1015 508 1086 multum
524 1016 652 1085 cineres
666 1016 781 1108 jurare
797 1012 950 1109 sepultos

82 1141 138 1211 Sic
155 1139 211 1208 ubi
229 1138 401 1208 ductorem
418 1136 557 1232 trepide
574 1134 763 1229 stabulique
779 1137 954 1224 maritum,

81 1263 191 1351 Quem
209 1282 310 1353 penes
327 1271 362 1326 et
380 1255 484 1325 saltus
501 1270 535 1325 et
552 1254 672 1325 adultae
691 1254 798 1350 gloria
816 1256 941 1351 gentis,

79 1376 227 1473 Massylo
246 1377 357 1471 frangi
374 1388 533 1470 stupuere
551 1375 613 1445 sub
630 1375 727 1446 hoste
741 1375 910 1468 juvence,

80 1501 115 1567 It
128 1514 287 1571 truncum
305 1498 376 1566 sine
393 1494 521 1566 honore
537 1520 656 1593 pecus,
673 1520 855 1592 regemque
871 1510 1057 1591 peremtum

80 1623 158 1715 lpse
174 1643 268 1714 ager,
285 1618 348 1712 ipsi
366 1639 496 1703 amnes,
510 1630 544 1686 et
559 1630 652 1686 muta
668 1631 819 1686 armenta
833 1631 1029 1710 queruntur.

131 1742 246 1809 «Ecce
265 1752 376 1807 autem
393 1750 494 1806 aerata
510 1735 686 1830 dispellens
703 1760 838 1830 aequora
854 1761 957 1831 prora

82 1857 192 1929 Pelias
211 1859 325 1927 intacti
344 1855 410 1925 late
428 1855 519 1925 subit
537 1855 668 1951 hospita
687 1859 782 1952 ponti

81 1981 188 2051 Pinus
209 2003 218 2045 ε
239 1991 344 2072 agunt
358 1977 482 2070 Minyas
501 2002 510 2045 ε
530 1977 682 2072 geminus
700 1976 812 2072 fragor
830 1978 935 2048 ardua
952 1994 1048 2048 canet

83 2101 150 2171 Per
168 2096 288 2184 latera3
308 2094 486 2191 abruptam
503 2095 621 2166 eredas
639 2095 806 2167 radicibus
826 2099 873 2166 ire

83 2217 279 2312 Ortygiam,
299 2230 358 2285 aut
376 2214 518 2287 fractum
535 2215 655 2314 pelago
673 2217 848 2288 decurrere
865 2233 1022 2289 montem.

86 2344 147 2412 Ast
163 2338 221 2408 ubi
240 2339 406 2432 suspensis
424 2335 587 2407 siluerunt
603 2363 736 2432 aequora
757 2341 878 2426 tonsis,

86 2460 201 2529 Mitior
218 2472 253 2528 et
269 2458 401 2527 senibus
419 2459 530 2552 cycnis
546 2473 581 2528 et
597 2461 727 2553 pectine
746 2461 862 2530 Phoebi

86 2582 162 2651 Vox
179 2579 287 2650 media
304 2579 345 2648 de
363 2604 475 2674 puppe
492 2581 598 2666 venit,
618 2584 724 2650 maria
741 2583 813 2677 ipsa
832 2585 952 2653 carinae

88 2699 278 2788 Accedunt,
300 2713 377 2795 post
392 2724 489 2770 nosse
510 2698 624 2769 datum
644 2714 714 2770 est:
733 2704 903 2797 OEagrius
921 2701 988 2771 illic

88 2820 234 2892 Acclinis
251 2820 358 2910 malo,
376 2820 494 2890 mediis
513 2820 697 2889 intersonat
716 2820 872 2915 Orpheus

87 2942 265 3036 Remigiis,
281 2955 458 3035 tantosque
473 2940 569 3034 jubet
585 2940 712 3008 nescire
728 2938 868 3009 labores.

87 3059 159 3130 Illis
178 3064 212 3130 in
229 3061 419 3156 Scythicum
439 3065 570 3130 Borean
589 3061 670 3149 iter,
690 3084 814 3154 oraque
832 3062 978 3156 primum

67 3236 68 3239 ,
88 3183 231 3275 Cyaneis
249 3195 376 3252 arctata
392 3179 484 3249 vadis
503 3206 511 3249 ε
529 3206 591 3250 nos
610 3182 754 3252 Thracia
771 3183 843 3251 visu

88 3299 181 3372 Bella
197 3315 296 3390 ratae,
315 3303 409 3369 vario
428 3315 514 3370 tecta
533 3303 702 3372 incursare
720 3302 882 3393 tumultu,

89 3425 280 3492 Densarum
297 3420 484 3517 pecudum,
503 3437 560 3492 aut
578 3422 763 3519 fugientum
783 3449 875 3494 more
893 3424 1076 3495 volucrum.

90 3546 165 3613 Heu
184 3544 242 3612 ubi
262 3568 351 3613 nunc
370 3541 487 3612 furiae?
503 3559 637 3638 portus,
658 3543 873 3640 amplexaque
892 3543 969 3615 litus

88 3665 236 3750 Moenia,
255 3687 321 3756 qua
339 3662 440 3760 longe
458 3662 576 3759 pelago
596 3663 767 3760 despectus
786 3681 921 3762 aperto,

90 3785 309 3875 Scandimus,
325 3803 358 3857 et
375 3787 477 3858 celsas
496 3804 604 3859 turres
624 3815 632 3858 :
651 3790 718 3860 huc
739 3814 834 3879 saxa,
852 3790 1032 3884 sudesque,

88 3911 260 4001 Armaque
280 3921 396 3977 moesta
412 3910 538 3996 virum,
558 3925 657 4003 atque
675 3909 814 3979 infectos
831 3909 975 3979 caedibus
993 3934 1087 3981 enses

90 4030 296 4101 Subvectant
313 4028 449 4123 trepide
465 4058 474 4098 t
493 4032 575 4124 quin
594 4044 626 4098 et
645 4028 830 4123 squalentia
847 4045 935 4099 texta
