2812 5258
292 459 347 515 art,
604 445 813 501 THEBAIDOS
833 444 941 499 LIBER
961 443 1011 497 xt.
1210 445 1242 501 (v.
1254 446 1326 506 265.)

291 571 393 642 Nulla
411 575 496 666 patri
513 572 641 664 requies
658 596 665 637 :
685 568 777 637 illum
796 571 996 661 quaeritque,
1013 580 1178 658 tenetque.

290 690 389 761 lllurn
408 693 603 785 sanguineos
624 689 820 782 proflantem
840 703 972 781 pectore
989 688 1078 754 rivos

291 812 437 905 Adspicit
456 824 489 879 et
504 834 588 878 saera
603 833 732 902 semper
749 807 790 875 de
810 821 902 875 turre
922 805 1102 875 cadentem.

293 935 338 1001 Ut
354 931 511 1016 dubium,
529 944 563 998 ct
578 953 707 1022 pugnas
725 941 937 996 cunctantem
954 924 1109 995 Eteoclea
1128 926 1212 995 vidit
1230 952 1237 994 ε

337 1051 450 1137 albis,
470 1050 529 1135 ait,
550 1072 659 1141 neque
679 1062 712 1115 te
731 1045 889 1133 ulterius,
909 1047 1116 1139 fratrumque
1134 1045 1325 1142 ducumque

290 1171 447 1254 Pessime,
465 1169 636 1238 funeribus
651 1168 783 1261 patrie,
804 1166 1022 1259 lacrymisque
1037 1167 1195 1259 potitum,

287 1290 509 1359 Eumenidum
529 1285 672 1381 bellique
691 1287 808 1372 reum,
820 1288 984 1380 patiemur
1004 1284 1110 1354 inulti.

288 1413 346 1479 Sat
363 1426 420 1479 tua
437 1434 505 1478 non
522 1409 623 1501 equis
643 1406 766 1475 luamus
787 1407 934 1498 perjuria
951 1409 1054 1476 Diris.

288 1530 414 1600 Urbem
425 1529 524 1596 annis
539 1527 724 1620 opibusque
735 1550 884 1619 gravem,
893 1541 927 1594 et
936 1526 1036 1595 modo
1045 1528 1173 1597 civibus
1182 1541 1324 1615 arctam,

289 1653 358 1719 Ceu
376 1647 457 1716 coelo
475 1646 607 1715 dimissa
623 1645 709 1729 lues,
730 1645 905 1714 inimicare
922 1643 1034 1731 tellus,

288 1768 452 1848 Hausisti,
468 1789 670 1858 vacuamque
686 1742 796 1833 tamen
813 1762 963 1833 sublimis
979 1766 1180 1835 obumbras?

289 1890 389 1956 Deest
407 1887 540 1955 servitio
557 1883 691 1980 plebes:
713 1885 774 1952 hos
794 1884 878 1978 ignis
898 1899 1032 1978 egentes

288 2012 365 2075 Fert
378 2007 514 2092 humus,
530 2006 591 2075 bos
608 2003 725 2098 pelago
742 2006 868 2097 patrius
881 2005 951 2097 jam
965 2004 1085 2076 detulit
1100 2008 1216 2077 amnia.

288 2127 330 2194 Hi
349 2141 501 2218 quaerunt
515 2140 622 2211 artus,
641 2123 689 2192 illi
705 2123 809 2192 ardua
827 2123 964 2193 vulnera
981 2139 1110 2194 curant.

288 2243 402 2312 Redde
415 2243 557 2338 agedum
573 2244 699 2317 miseris
713 2242 847 2329 fratres,
867 2256 1046 2335 natosque,
1068 2259 1259 2338 patresque,

288 2360 403 2430 Redde
412 2363 500 2429 arvis
509 2361 727 2453 domibusque
739 2361 845 2428 viros:
861 2360 918 2427 ubi
929 2363 1090 2430 maximus
1104 2367 1273 2455 Hypseus,

287 2482 526 2572 Finitimusque
540 2481 646 2571 Dryas
660 2477 674 2545 ?
692 2477 749 2546 ubi
762 2476 925 2547 Phocidos
942 2502 1035 2548 arma
1048 2505 1192 2568 sonorae,

287 2600 490 2692 Euboicique
508 2597 632 2666 duces?
652 2596 724 2667 illos
744 2612 853 2667 tamen
871 2623 964 2693 aequa
984 2596 1084 2668 duelli

288 2724 368 2789 Fnrs
387 2717 463 2796 tulit
479 2719 522 2787 ad
537 2722 676 2788 Manes:
697 2734 731 2787 at
751 2732 806 2806 tu,
827 2717 944 2812 pudet,
963 2720 1068 2788 hostia
1085 2721 1193 2813 regni,

287 2839 420 2920 Hostia,
433 2853 524 2925 nate,
534 2837 639 2930 jaces,
649 2863 709 2908 ceu
721 2853 833 2907 mutus
841 2855 1010 2932 etegrege
1022 2841 1166 2932 sanguis.

289 2960 350 3026 Hei
365 2957 446 3026 mihi
460 2960 613 3050 primitiis
629 2983 816 3045 armorum,
832 2972 865 3026 et
881 2959 943 3025 rite
961 2958 1088 3028 nefasto

289 3077 441 3163 Libatus,
457 3077 633 3170 jussusque
651 3080 750 3158 mori,
767 3091 801 3145 et
816 3076 1024 3146 cunctabitur
1043 3077 1129 3148 ultra

289 3197 377 3265 Iste?
397 3221 457 3265 nec
474 3197 612 3266 adverso
632 3221 720 3264 nunc
736 3193 850 3263 saltem
868 3198 977 3264 Marte
997 3212 1132 3267 vocatus

290 3315 418 3385 Stabit?
437 3339 478 3383 an
498 3317 533 3382 in
552 3339 680 3409 pugnas
698 3310 799 3382 alium
814 3313 913 3404 jubet
930 3317 978 3385 ire
995 3318 1153 3410 profanus

199 3477 202 3484 ·
290 3432 451 3502 Tiresias?
473 3435 657 3525 iterumque
677 3458 765 3501 meos
786 3434 919 3503 oracula
937 3439 1039 3505 nectit

288 3557 326 3621 ln
338 3551 494 3645 gemitus?
504 3551 584 3644 quid
593 3553 681 3620 enim
691 3553 811 3622 misero
821 3578 920 3646 super
929 3556 1044 3624 unicus
1054 3557 1215 3627 llaemon?

288 3668 346 3738 Ille
361 3671 443 3762 jube
461 3671 591 3757 subeat,
611 3684 712 3764 tuque
730 3672 807 3742 hinc
825 3688 990 3767 spectator
1008 3676 1049 3743 ab
1066 3675 1133 3747 alta

287 3793 392 3857 Turre
405 3788 501 3858 sede:
519 3789 599 3883 quid
610 3815 695 3859 saera
705 3792 834 3877 fremis,
853 3792 1075 3888 famulamque
1086 3799 1256 3868 eohortem

288 3908 483 4002 Respectas?
504 3910 538 3978 hi
559 3925 591 3979 te
609 3910 656 3979 ire
674 3910 805 3998 volunt,
823 3913 855 3980 hi
876 3915 1018 4007 pendere
1036 3943 1169 4009 poenas:

288 4032 364 4123 Ipsa
382 4032 480 4098 etiam
501 4033 657 4123 genitrix,
680 4034 821 4125 ipsaeque
841 4033 940 4102 odere
957 4061 1096 4106 sorores.
