2812 5258
332 442 388 498 260
697 436 988 494 ADNOTATIONFS

331 560 437 612 Locros
458 567 608 611 vexassent.
627 581 637 602 ⁵·
652 557 796 623 Gaottov„
815 572 844 627 p.
864 551 929 626 3²9·
952 553 985 608 ln
1004 568 1065 625 qao
1082 549 1175 622 capite
1194 544 1251 626 (ι.)
1271 550 1364 606 muita

332 649 439 704 similia.
454 652 493 704 Ae
507 666 572 704 sane
580 665 615 703 eo
624 648 740 703 fortasse
751 662 901 720 progressa
914 654 955 699 est
967 642 1097 699 Statiano
1105 640 1294 697 affectationis
1307 659 1363 698 au-

333 741 420 797 dacia.
433 741 563 797 Ceterum
579 739 679 796 Markl.
690 757 749 794 non
761 740 834 794 male
849 735 1001 810 proposuit
1012 734 1180 802 undarent,
1191 744 1225 789 at
1237 732 1366 801 Aelim„

334 851 359 902 1,
376 832 413 888 86
434 852 441 886 :

439 1007 516 1021 .....
528 968 659 1019 AEaddes...
672 967 784 1033 sanguine
797 969 899 1017 Teucros

439 1051 545 1102 Uudabit
557 1067 660 1118 campos.

378 1184 410 1235 In
425 1183 555 1237 dextrum
568 1181 605 1259 (v.
624 1180 685 1258 65).
702 1184 777 1258 Lege
790 1183 932 1247 (leaenam,
947 1178 1150 1253 impetautabus
1166 1178 1255 1236 oodd.
1268 1190 1299 1235 et
1310 1198 1367 1237 usu

336 1272 452 1347 linguam
466 1273 532 1328 vide
544 1276 660 1328 Μιιιι.
680 1276 722 1329 De
738 1272 908 1346 praecedenti
925 1290 1006 1327 versu
1021 1270 1097 1326 idem
1109 1268 1293 1327 difficultates
1300 1290 1366 1328 mo-

336 1363 378 1417 vit
394 1383 401 1417 :
417 1364 466 1419 sed
481 1365 511 1419 in
524 1375 667 1440 zeugmate
684 1365 835 1419 statuendo
849 1362 1084 1437 acquiescendum
1096 1372 1152 1432 est,
1167 1362 1236 1436 quia
1251 1364 1321 1420 Ursi
1337 1365 1366 1419 in

338 1454 391 1510 iliis
405 1456 568 1531 regionibus
580 1456 767 1529 possessiones
780 1473 934 1529 earumque
948 1455 1032 1510 situm
1045 1471 1105 1509 nou
1117 1453 1258 1509 novimus.

384 1547 482 1601 Vitae...
491 1549 597 1601 adulta·
606 1545 643 1623 (v.
654 1566 691 1616 70
700 1546 783 1623 sqq.).
797 1544 1007 1602 Adolescentia.
1020 1545 1094 1599 Elea
1107 1546 1367 1619 lustmsuntotym-

338 1637 443 1709 piades.
466 1640 558 1692 Multa
581 1638 626 1691 hic
645 1637 681 1692 de
703 1638 818 1711 singulis
844 1636 944 1691 Markl.
968 1635 1170 1690 Rhamnusiam
1185 1645 1270 1707 poeta
1292 1634 1366 1691 dicit

340 1728 478 1783 Invidiam
496 1728 650 1784 absimilia
668 1729 726 1785 sere
744 1730 844 1785 effecta
863 1748 928 1784 cum
945 1727 1057 1783 Nemesi
1077 1736 1106 1782 et
1122 1736 1220 1787 atteias
1239 1737 1367 1805 φθονιρόν,

341 1839 432 1893 neque
447 1831 539 1876 tamen
551 1821 682 1876 Nemesin
700 1831 728 1876 et
745 1820 883 1875 Invidiam
903 1818 1000 1874 eadem
1012 1835 1071 1873 esse
1090 1816 1205 1873 numina
1225 1816 1368 1887 credidit,

342 1922 373 1966 ut
392 1912 492 1967 Marii.
512 1913 590 1981 vult5
607 1912 690 1967 etiam
707 1911 738 1966 itt
757 1931 791 1967 eo
805 1912 890 1967 salsus
904 1909 985 1985 quod
1002 1908 1205 1963 Mummiam
1216 1924 1264 1983 up.
1279 1908 1368 1965 Clau-

341 2002 415 2059 diam.
423 2045 431 2072 ‚
439 2005 475 2059 de
488 2007 560 2059 Bell.
578 2005 637 2059 Get.
647 2043 656 2070 ‚
675 2003 749 2073 631,
762 2002 901 2058 Invidiam
916 2001 1125 2074 intemretatar.
1139 1998 1292 2057 Mutatio
1304 2000 1368 2057 Sta-

342 2094 397 2149 tius
412 2095 505 2150 hausit
519 2113 553 2150 ex
568 2094 747 2150 celeberrima
765 2093 862 2150 ovidii
874 2092 1001 2166 pictura,
1018 2092 1154 2155 Metam,
1172 2108 1208 2147 n.

383 2186 507 2240 Gent'ttie
536 2187 587 2241 ati
611 2204 687 2240 soeva
707 2188 823 2240 lacem
845 2183 883 2261 (v.
905 2182 965 2257 83).
989 2182 1113 2239 obvium
1132 2192 1197 2239 ent
1213 2182 1367 2239 uomuisse

342 2276 408 2341 sibi,
430 2277 511 2350 quod
525 2277 553 2331 in
571 2276 701 2332 codicum
713 2276 799 2332 Paris.
814 2286 842 2332 et
855 2275 955 2331 Crucei
973 2274 1100 2351 margine
1117 2273 1225 2331 iactum
1246 2292 1306 2331 esee
1323 2274 1368 2329 vi·

343 2365 412 2436 deo,
424 2367 569 2440 mirorque
581 2387 641 2422 non
654 2366 764 2422 dudum
777 2369 813 2422 ab
827 2366 984 2424 editoribus
995 2374 1151 2439 receptum.
1165 2366 1240 2421 Nm
1251 2376 1293 2423 est
1304 2384 1368 2422 sou-

343 2456 424 2511 minis
432 2457 547 2512 Statiani
556 2457 816 2533 genuinusfructus.
830 2460 863 2512 In
877 2456 1017 2532 superiori
1024 2475 1108 2513 versu
1113 2476 1171 2531 pro
1183 2476 1263 2515 «uon
1269 2457 1367 2513 mins

343 2558 433 2619 atros,
448 2573 460 2599 ι
474 2548 653 2604 scribendum
667 2568 724 2605 esse
741 2550 875 2604 videtur:
890 2574 902 2600 ιι
915 2568 973 2605 non
990 2550 1102 2623 segnius
1119 2566 1145 2605 a.
1162 2572 1176 2599 ι
1191 2546 1293 2605 matt.
1304 2550 1370 2604 vult

344 2664 357 2690 a
372 2640 475 2711 secius,
489 2664 501 2690 ι
515 2639 594 2714 quod
607 2639 698 2695 minus
712 2642 838 2713 probem.
853 2640 927 2697 Illud
940 2640 1072 2697 ductibus
1084 2658 1202 2715 quoque
1214 2640 1371 2698 litterarum

344 2733 560 2788 convenientius.

384 2826 475 2880 tteis...
490 2829 580 2900 raptis
592 2825 629 2903 (v.
644 2825 707 2903 95).
720 2827 787 2882 Non
800 2850 812 2875 a
828 2826 883 2882 reis
896 2836 997 2898 preter
1010 2842 1088 2898 spem
1100 2825 1203 2899 emptis
1211 2822 1341 2897 jndicio,
1356 2850 1373 2876 ι

344 2924 377 2969 ut
390 2916 555 2989 explicatur,
568 2919 618 2976 sed
631 2919 685 2975 reis
699 2918 728 2973 in
739 2918 785 2989 jus
798 2918 898 2990 raptis,
911 2928 979 2972 nota
992 2917 1144 2973 locutione.

310 3036 314 3041 ·
385 3008 498 3063 Solvtiti
507 3029 519 3076 ,·
531 3011 604 3065 subit
614 3012 663 3066 itte
672 3013 740 3085 pios
754 3007 791 3086 (v.
805 3006 866 3084 98).
881 3010 954 3064 Sane
966 3008 1066 3065 durius
1077 3005 1191 3065 «subite
1207 3005 1309 3081 pion·
1323 3008 1373 3065 sed

346 3097 456 3154 admitti
469 3118 529 3155 non
541 3112 634 3174 potest
648 3102 685 3156 ob
700 3112 791 3157 cetera
805 3100 866 3173 Nic.
880 3099 987 3155 Heinsii
1000 3098 1160 3156 emendatio
1171 3100 1375 3175 tantoperedi-

346 3190 457 3247 laudata
471 3210 487 3248 a
500 3194 660 3249 Burmanno
674 3192 711 3248 ad
725 3192 837 3248 Aathol.
852 3194 916 3259 iat,
932 3201 952 3246 t.
967 3210 1006 3260 ιι,
1018 3209 1048 3265 p.
1063 3188 1122 3248 55:

452 3346 505 3392 Iam
517 3343 582 3393 iuoos
595 3346 658 3395 subit
670 3345 710 3393 itte
720 3344 778 3411 pios.

387 3481 533 3553 Momqae
558 3481 733 3556 habitamque
751 3484 858 3537 decon‘s
877 3479 914 3558 (v.
939 3479 1013 3555 tot).
1033 3482 1092 3537 MS.
1111 3482 1240 3538 morene.
1258 3490 1290 3537 et
1309 3478 1372 3537 edd.

349 3571 476 3646 quadam
489 3581 556 3627 vett.
570 3596 582 3621 ι
596 3573 715 3628 decoros
730 3593 736 3627 :
751 3596 766 3623 a
780 3591 869 3647 quare
882 3572 1032 3647 legendum
1048 3596 1064 3625 α
1077 3590 1232 3647 moresque
1243 3572 1371 3629 tatam-

348 3683 402 3738 qae
421 3666 535 3719 decoros
553 3682 563 3716 .·
579 3686 591 3711 υ
610 3682 667 3718 vox
681 3663 755 3719 enim
772 3665 899 3731 habitas,
915 3663 1032 3738 quando
1045 3664 1081 3719 de
1093 3663 1189 3719 animo
1203 3675 1372 3740 umrpatut,

348 3774 466 3811 numero
479 3755 666 3810 multitudinis
678 3758 844 3830 plerumque
858 3756 983 3812 etsextur.
998 3780 1011 3805 υ
1024 3758 1154 3824 Meum,
1167 3774 1260 3830 quen
1271 3776 1300 3813 v.

388 3850 479 3902 Cauta.
494 3850 556 3903 v11.
572 3849 603 3902 ln
617 3850 700 3902 Pollae
712 3847 897 3923 Argentaria,
910 3846 1017 3903 Lucani
1028 3856 1119 3920 poete
1132 3846 1248 3919 uxoris,
1260 3848 1373 3925 gratim

349 3939 492 4012 seriptum.
506 3939 736 4015 Handecasyllabi
750 3959 757 3993 :
771 3939 837 3994 vide
850 3939 942 4012 Epist.

394 4030 502 4087 Vestem
511 4029 685 4106 perfimdaat
696 4032 788 4087 ederoe
806 4028 844 4105 (v.
872 4027 923 4107 ιι)
940 4031 962 4085 Ι.
977 4048 1001 4085 e.
1015 4026 1198 4085 abundanter
1214 4028 1373 4105 injiciam
