2812 5258
197 509 254 567 ,ψ
490 484 739 543 rcmmninos
761 482 875 538 monn
897 484 933 537 u.
1111 483 1147 544 (v.
1164 484 1240 543 ω.)

195 618 334 708 Jamque
352 636 433 684 arus
450 638 460 679 ε
479 609 612 678 immitis
630 608 759 701 quoties
780 607 975 676 tractabitur
991 607 1101 692 ensis,

195 734 306 803 Turba
326 756 446 802 sumus.
464 758 482 795 ι
502 733 596 798 Tunc
612 743 646 797 et
660 730 786 810 Danai,
805 751 865 820 per
880 750 972 794 sacra
988 724 1159 820 fidemque

196 853 357 947 Hospitii,
375 849 581 943 blandusque
599 872 736 943 precum
753 845 932 940 compellet
949 845 1074 916 Ulixes.

242 969 317 1056 llle,
333 972 391 1038 etsi
411 994 496 1039 carae
512 983 681 1063 comperta
700 967 820 1061 injuria
839 980 940 1052 natae,

130 1174 139 1183 1
194 1097 236 1161 Ει
252 1089 401 1159 thetidis
420 1087 576 1158 mandata
595 1101 748 1173 movent,
769 1085 930 1180 prodique
951 1101 1086 1156 veretur

195 1212 388 1304 Depositum
410 1205 620 1303 tamlgrande
635 1207 720 1290 dem,
736 1221 845 1275 tamen
861 1204 979 1275 obrius
996 1209 1046 1274 ire
1080 1204 1083 1209 ’

194 1337 257 1402 Tot
272 1332 389 1399 metuit
409 1328 501 1416 l'atis,
518 1327 706 1423 Argivaque
723 1325 809 1395 bella
828 1326 962 1395 morari.

195 1457 258 1521 Fac
277 1448 380 1519 velit:
398 1450 504 1543 ipsam
522 1446 590 1516 illio
607 1461 749 1517 matrem
766 1448 941 1540 sprevisset
957 1444 1114 1515 Achilles.

195 1574 247 1640 Ne
267 1586 376 1638 tamen
394 1568 554 1637 abnueret
571 1591 693 1661 genero
715 1590 750 1635 se
764 1567 904 1662 jungere
924 1564 1000 1651 tali,

196 1691 349 1758 Vincitur
368 1714 376 1756 ε
395 1689 524 1758 areanis
539 1686 636 1756 effert
652 1685 843 1780 pudibunda
862 1685 1006 1755 tenebris

196 1808 368 1878 Deidamia
383 1808 539 1904 gradum,
556 1810 686 1876 veniam
702 1832 764 1875 nee
781 1807 934 1901 protinus
951 1830 1063 1875 amens

72 1924 77 1931 ’
196 1929 324 2016 Credit,
342 1945 376 2000 et
393 1931 549 2025 opposito
567 1930 751 2024 genitorem
769 1925 878 2022 placat
894 1924 1031 1996 Achille.

244 2052 392 2121 Mittitur
407 2051 633 2136 Hemoniem,
652 2050 768 2143 magni
780 2048 838 2142 qui
856 2046 953 2117 Pelea
972 2046 1049 2116 facti

196 2170 351 2267 Impleat,
367 2185 401 2240 et
420 2170 557 2242 classem
575 2171 777 2263 comitesque
793 2170 827 2237 in
845 2167 960 2262 prmlia
977 2181 1100 2261 poscat.

197 2296 267 2362 Nec
283 2317 352 2361 non
368 2307 402 2362 et
420 2292 567 2385 geroium
584 2304 740 2384 regnator
757 2292 890 2382 Scyrius
908 2290 1001 2359 alnos

199 2411 339 2484 Deducit
357 2432 496 2503 genem,
513 2409 665 2497 viresque
679 2421 813 2475 excusat
832 2407 979 2475 Achivis.

195 2533 288 2597 Tunc
304 2524 411 2620 epulis
429 2538 602 2595 consumta
621 2523 705 2610 dies,
722 2523 920 2617 tandemque
940 2539 1110 2617 receptum

196 2632 330 2735 Foedus,
348 2661 380 2714 et
401 2643 584 2740 intrepidos
599 2669 668 2714 nox
684 2646 816 2715 conscia
831 2644 943 2739 jungit
959 2658 1119 2714 amantes.

244 2766 338 2837 Illius
359 2782 435 2837 ante
450 2763 565 2836 oculos
581 2790 668 2835 nova
684 2765 791 2851 bella,
810 2779 843 2834 et
860 2764 1028 2850 Xanthus,
1050 2779 1084 2832 et
1103 2765 1183 2854 Ide,

198 2887 424 2983 Argolicaeque
442 2901 530 2956 rates
551 2912 559 2954 ε
579 2900 680 2980 atque
698 2887 767 2954 beo
783 2886 852 2976 jam
869 2884 995 2977 cogitat
1010 2883 1133 2971 undas,

198 3015 428 3101 Auroramque
446 3008 540 3076 timet
559 3031 568 3073 :
587 3031 663 3075 cara
683 3005 807 3073 cervice
825 3003 936 3071 mariti

198 3133 282 3196 Fusa
297 3129 392 3212 novi,
410 3127 569 3221 lacrymas
584 3127 654 3218 jum
669 3120 780 3210 solvit,
799 3137 833 3191 et
849 3139 988 3216 occupat
1006 3139 1107 3193 artus

197 3278 214 3311 ι(
226 3247 458 3342 Adspiciamne
474 3247 611 3331 iterum,
628 3267 744 3334 meque
761 3243 825 3312 hoc
842 3246 876 3311 in
895 3259 1027 3338 pectore
1044 3268 1184 3337 ponam,

196 3365 353 3436 AEacide?
372 3389 550 3458 rursusque
569 3377 644 3431 tuos
661 3361 840 3455 dignabere
859 3361 997 3455 partus?

197 3491 247 3554 An
264 3478 410 3554 tumidus
425 3487 632 3575 Teucrosque
647 3479 747 3568 lares,
766 3497 799 3551 et
815 3497 912 3576 capte
927 3497 1100 3577 reportans

196 3608 372 3697 Pergama,
391 3602 545 3694 virgineae
562 3598 645 3670 nolis
661 3602 845 3670 meminisse
865 3599 1022 3671 latebre?

195 3722 288 3811 Quid
297 3720 689 3814 precer,heu,tirneamve
699 3721 937 3815 priuslquidve
947 3725 1045 3791 anxia
1054 3723 1227 3811 mandem,

196 3844 259 3912 Cui
279 3843 333 3911 vix
352 3840 429 3909 llere
445 3839 561 3910 vacat?
579 3841 678 3912 modo
696 3855 728 3910 te
746 3866 893 3911 nox-una
909 3841 1081 3936 deditque,

198 3961 387 4056 lnviditque
407 3961 497 4031 mihi.
514 3961 680 4032 Thalamis
697 3962 765 4031 haec
783 3977 931 4056 tempora
946 3963 1096 4032 nostris?

198 4085 302 4153 Hinne
321 4098 370 4153 est
385 4082 467 4152 liber
482 4082 636 4176 Hymen?
652 4107 673 4151 o
691 4080 798 4150 dulcia
819 4080 924 4167 suma,
941 4080 1089 4172 dolique,
