2812 5258
328 447 380 484 raa
677 431 706 482 Ρ.
729 428 850 482 PUBLtt
869 426 992 479 STATll
1266 427 1304 489 (r.
1316 435 1368 495 80.)

325 552 467 633 Oderat,
488 565 520 617 ct
540 574 641 641 quum
665 548 792 641 epulas,
812 564 843 615 ct
862 572 963 638 quum
983 549 1099 614 Lenm
1116 546 1247 616 (liceret

325 672 439 751 Dona,
458 672 548 735 Deus
568 670 681 736 castris
700 692 839 735 moerens
860 690 969 735 eomes
989 659 1055 732 isse
1071 664 1244 750 notandi„

323 788 488 879 Praecipue
502 812 604 879 quum
626 784 781 878 sacrilega
798 785 868 852 lace
885 784 1017 852 miscuit
1035 807 1125 851 arces

322 908 445 998 Ipsius,
463 908 696 997 immeritoque
714 905 828 972 domos
848 929 885 971 ac
906 901 1027 994 templa
1043 905 1181 996 Sagunti

322 1023 460 1109 Polluit,
480 1041 513 1092 et
533 1022 662 1117 populis
683 1024 784 1091 finias
802 1024 937 1090 immisit
956 1023 1117 1090 honestas.

368 1146 437 1213 Nec
453 1160 525 1237 post
545 1143 670 1211 Sidonii
690 1142 813 1211 lethum
832 1141 926 1210 ducis
943 1166 1008 1209 aere
1026 1142 1128 1233 potita

322 1264 461 1356 Egregie
482 1261 608 1355 plebeia
627 1262 743 1330 domus
764 1287 772 1328 :
795 1263 945 1328 convivia
963 1258 1058 1351 Syllae

322 1383 495 1465 Comebat,
518 1407 645 1474 semper
663 1380 766 1448 claros
782 1381 907 1448 intrare
925 1394 1056 1471 penates

321 1506 513 1582 Assuetum,
534 1515 568 1567 et
586 1498 662 1567 felix
680 1499 890 1567 dominorum
911 1511 1082 1566 stemmate
1100 1499 1250 1587 signum.

367 1622 463 1687 Nune
483 1643 633 1710 quoque,
652 1621 679 1685 si
699 1640 806 1685 mores
825 1617 1033 1709 humanaque
1053 1631 1188 1708 pectora
1209 1643 1303 1689 curn

321 1741 422 1807 Nosse
440 1740 538 1820 Deis,
559 1763 624 1805 nou
643 1737 719 1805 aula
738 1736 890 1829 quidem,
911 1737 1097 1827 Tirynthia,
1115 1760 1177 1803 uec
1196 1750 1233 1805 te

321 1860 440 1950 Regius
461 1858 563 1925 ambit
580 1857 702 1934 honos;
721 1854 776 1923 sed
796 1870 903 1938 casta,
926 1857 1104 1948 ignaraque
1123 1853 1235 1947 culpae

320 1979 415 2043 Mens
436 1976 576 2062 domini,
596 1977 649 2043 cui
669 1976 775 2067 prisca
793 1974 891 2060 fides,
909 1988 1086 2067 coeptaeque
1102 1998 1255 2065 perenne

320 2094 436 2162 Foedus
455 2094 630 2162 amicitiae:
652 2096 713 2161 scit
734 2093 841 2161 adhuc
860 2092 998 2161 florente
1015 2093 1075 2160 sub
1093 2116 1166 2162 aevo

320 2219 382 2282 Par
398 2216 524 2306 maguis
541 2214 695 2281 Vestinus
714 2215 801 2297 avis,
822 2236 919 2304 quem
939 2226 1034 2280 nocte
1053 2209 1172 2304 dieque

321 2334 448 2424 Spirat,
470 2347 502 2398 et
522 2334 555 2398 iu
576 2356 657 2400 carae
677 2332 758 2398 vivit
777 2329 1001 2422 complexibus
1016 2331 1149 2399 unabrae.

366 2451 427 2517 Hic
448 2451 548 2541 igitur
568 2450 626 2515 tibi
648 2448 718 2516 laeta
737 2450 846 2539 quies,
866 2449 1042 2517 fortissime
1061 2450 1208 2533 Divum,

319 2566 452 2653 Alcide3
474 2593 532 2637 nec
552 2566 637 2635 bella
658 2568 747 2635 vides
770 2591 961 2660 pugnasque
981 2567 1124 2653 feroces,
1184 2620 1187 2625 -

321 2688 384 2758 Sed
405 2687 537 2780 chelyn,
558 2702 590 2755 et
611 2689 727 2771 vittas,
747 2700 780 2752 et
799 2701 945 2756 amantes
960 2688 1105 2756 carmina
1125 2685 1255 2759 laurus.

320 2809 380 2873 Hie
400 2808 456 2873 tibi
473 2804 610 2874 solemni
630 2806 824 2886 memorabit
843 2808 1006 2891 carmine,
1022 2820 1166 2897 quantus

318 2922 431 2990 lliaeas
448 2926 644 3017 Geticasque
659 2925 791 3008 desnos,
813 2941 1019 3016 quantusque
1035 2923 1177 2993 nivalem

321 3040 555 3133 Stymphalon,
576 3057 782 3135 quantusque
799 3045 886 3136 jugis
903 3045 1120 3113 Erimanthon
1136 3049 1276 3137 aquosis

318 3162 504 3247 Terrueris;
524 3187 622 3254 quem
641 3178 672 3230 te
690 3163 816 3254 peeoris
836 3186 1001 3254 possessor
1017 3162 1124 3247 Iberi,

316 3278 424 3364 Quem
444 3279 555 3348 tulerit
574 3306 664 3349 saevae
683 3281 881 3350 Mareoticus
901 3282 1113 3360 arbiteraroe.

317 3396 378 3462 llic
399 3411 567 3487 penetrata
587 3400 646 3466 tibi
666 3399 868 3491 spoliataque
889 3398 1002 3469 limina
1021 3403 1139 3470 Mortis

316 3514 495 3600 Concinet,
512 3531 545 3582 ct
561 3516 676 3584 flentes
692 3519 821 3609 Libyae,
842 3519 1047 3611 Scythiaeque
1063 3518 1199 3613 puellas.

189 3686 194 3700 .
316 3634 431 3699 Necte
450 3647 602 3725 regnator
618 3636 803 3724 Macetum,
823 3661 885 3705 nec
905 3637 1063 3706 barbarus
1082 3664 1233 3730 uuquam

277 3847 280 3854 Ι
315 3748 472 3834 Annibal,
489 3763 547 3817 aut
561 3753 635 3818 saevi
655 3769 763 3843 posset
781 3780 842 3823 vox
857 3755 991 3824 horrida
1007 3754 1101 3848 Syllae

315 3869 373 3937 His
393 3864 556 3933 celebrare
576 3870 690 3938 modis.
713 3873 811 3940 Certe
832 3889 869 3941 tu
891 3877 1035 3944 muneris
1054 3891 1170 3944 auctor

315 3987 391 4054 Non
411 3983 481 4052 aliis
500 3984 612 4054 malles
631 3989 752 4074 oculis,
773 3994 933 4085 Lysippe,
956 3995 1097 4087 probari.
