2812 5258
183 368 239 434 ἦῆ
480 367 730 426 ACHILIAEIDOS
753 365 866 436 LIBER
884 365 912 418 1.1
1094 363 1130 424 (ν.
1144 365 1218 425 ιΙμ.)

181 493 289 562 Trade
303 495 417 587 magis.
428 523 443 558 o
455 494 508 561 Sic
522 491 588 561 fata
602 514 741 584 parens:
757 487 966 581 nequeenim
980 484 1036 555 ille
1048 485 1217 575 dedisset,

182 615 217 682 Si
234 610 349 681 molles
366 612 495 681 habitus
512 624 545 680 et
562 610 702 704 tegmina
721 606 807 675 foeda
823 606 919 676 lateri

182 737 272 801 Ausa
288 733 357 800 seni
376 757 384 799 ε
403 747 480 799 tuuc
496 729 552 797 ille
570 729 690 798 refert:
710 757 727 792 a
739 730 835 814 Duc,
853 728 995 822 optima,
1009 753 1140 821 quaeso,

182 855 258 920 Duc
275 852 434 945 genitrix,
449 848 633 941 humilique
647 852 740 922 Deos
756 846 899 941 infringo
914 864 1062 941 precatu.

185 974 271 1041 Nam
286 983 443 1064 superant
456 983 512 1038 tua
525 983 603 1039 vota
618 966 774 1053 modum,
791 964 1016 1060 placandaque
1030 967 1173 1041 multum

183 1088 312 1157 Invidia
330 1103 379 1157 est
394 1114 402 1157 ε
419 1111 486 1157 non
505 1085 592 1156 addo
608 1101 752 1172 metum,
770 1085 827 1155 sed
844 1110 923 1155 vera
941 1086 1090 1156 fatebor:
1201 1150 1203 1154 Α

184 1208 304 1278 Nescio
320 1204 401 1300 quid
418 1230 576 1300 magnum
592 1205 673 1301 (nec
688 1231 740 1276 me
757 1208 866 1301 patria
882 1208 993 1280 omina
1008 1204 1149 1302 fallunt)

184 1327 243 1394 Vis
261 1326 379 1394 sestiua
397 1340 511 1419 parat,
530 1341 728 1420 tenerosque
745 1327 935 1419 supervenit
952 1350 1066 1395 annos.

185 1445 276 1514 Olim
293 1444 378 1512 ferre
397 1446 503 1523 minas
520 1459 555 1524 et
572 1445 666 1513 obire
684 1443 797 1520 audita
816 1443 956 1519 solebat·

184 1567 347 1659 Imperia,
361 1565 533 1642 etrnostris
552 1561 667 1658 procul
684 1563 774 1637 haud
790 1563 959 1633 ‹fisoedere
978 1565 1020 1633 ab
1038 1568 1156 1637 antris.
1176 1627 1177 1632 ,

185 1688 283 1756 Nunc
301 1681 394 1754 illum
412 1705 480 1752 non
497 1684 582 1753 Ossa
604 1684 712 1775 capit,
730 1708 796 1753 non
817 1681 930 1758 Polion
951 1685 1087 1778 iugens,

185 1804 401 1875 Thessaliaeve
417 1804 509 1876 nives
524 1826 533 1871 ε
550 1803 613 1898 ipsi
631 1803 713 1888 mihi
732 1827 817 1898 saepe
836 1819 1019 1898 queruntur
1037 1843 1040 1850 ·

186 1925 344 1994 Centauri
362 1937 539 2019 raptasque
557 1922 693 2012 domm,
709 1925 938 2019 abstractaque
956 1948 1068 1997 coram

187 2050 364 2132 Armenta,
379 2059 415 2114 et
432 2045 558 2139 campis
577 2060 680 2115 semet
696 2044 869 2140 fluviisque
885 2046 1003 2142 fugari.

98 2161 102 2169 ’
186 2163 325 2232 Insidias
341 2179 373 2232 et
392 2163 477 2239 bella
495 2181 634 2258 parant,
653 2165 837 2260 tumidique
855 2167 1034 2236 minantur.

187 2279 276 2350 Olim
293 2281 463 2373 equidem,
481 2286 610 2375 Argoos
625 2285 723 2375 pinus
744 2308 846 2376 quum
864 2284 1020 2353 Thessala
1039 2309 1131 2379 reges

186 2402 258 2468 Hac
275 2399 430 2482 veheret,
443 2401 599 2491 juvenem
621 2398 776 2486 Alciden,
796 2417 829 2467 et
847 2401 971 2469 Thesea
992 2401 1076 2487 vidi3

187 2517 251 2586 Sed
270 2531 404 2591 taceo.»
417 2519 505 2612 Figit
522 2516 810 2611 gelidusNereida
826 2515 942 2613 pallor.

236 2636 297 2709 llle
311 2637 424 2706 aderat
440 2635 547 2712 multo
564 2636 705 2725 sudore,
719 2653 752 2709 et
770 2637 905 2733 pulvere
922 2639 1048 2730 major.¹

188 2763 341 2827 Attamen
359 2781 451 2832 arma
467 2758 563 2846 inter,
580 2757 815 2853 festinatosque
835 2759 982 2846 labores,

188 2877 305 2948 Dulcis
324 2876 434 2947 adhuc
451 2878 543 2965 visu,
562 2879 661 2947 niveo
680 2893 771 2948 natat
788 2879 871 2972 ignis
890 2879 924 2946 in
943 2904 1001 2948 ore

190 2999 397 3090 Purpureus,
416 2994 573 3090 fulvoque
590 2999 673 3067 nitet
687 3021 781 3066 coma
799 2996 923 3091 gratior
939 3022 1031 3068 auro.

190 3117 259 3184 Nec
279 3113 358 3184 dum
377 3117 483 3209 prium
503 3140 589 3187 nova
604 3116 758 3208 lanugine
776 3116 917 3184 vertitur
932 3133 1028 3201 aetas,

189 3232 553 3329 Tranquillaequelaces
570 3233 690 3319 oculis,
710 3247 743 3301 et
760 3233 903 3327 plurima
918 3236 1012 3306 vultu

193 3355 298 3423 Mater
315 3356 421 3423 inest:
436 3353 547 3446 qualis.
558 3355 656 3447 Lycia
671 3368 809 3423 venator
826 3355 947 3449 Apollo

190 3473 304 3560 Quum
324 3471 428 3560 redit,
445 3487 479 3540 et
496 3472 587 3544 saris
604 3486 771 3564 permutat
789 3473 912 3566 plectra
930 3477 1102 3569 pharetris.

191 3596 289 3661 Forte
306 3607 341 3661 et
359 3571 451 3660 laetus
467 3592 559 3663 adest
572 3592 612 3686 (o.
624 3610 785 3685 quantum
803 3596 924 3690 gaudia
940 3598 1052 3667 formae

191 3710 358 3803 Adjiciunt
371 3707 423 3803 !):
443 3707 553 3778 foetam
574 3712 715 3783 Pholoes
733 3717 795 3784 sub
812 3742 894 3812 rupe
911 3716 1046 3788 leaenam

192 3827 377 3899 Percnlerat
392 3828 494 3916 ferro,
512 3833 689 3926 vacuisque
708 3833 885 3928 reliquerat
904 3841 1007 3907 antris

193 3953 320 4045 ipsam,
340 3947 395 4018 sed
415 3949 539 4024 catulos
557 3968 730 4046 apportat,
747 3971 779 4024 et
795 3958 911 4026 incitat
930 3984 1066 4054 ungues.
