2812 5258
298 421 335 478 26
604 419 820 475 THEMIDOS
843 419 952 475 uuna
974 414 1036 474 IV(
1231 423 1264 483 (v.
1277 426 1346 484 744.)

297 545 438 642 Regales
457 560 566 614 tamen
585 569 643 612 ore
661 557 765 630 notae,
785 566 845 612 nec
864 562 990 612 mersus
1009 544 1136 613 acerbis

297 669 412 734 Exstat
428 665 542 733 honos.
558 665 653 730 Tunc
670 663 740 731 hese
757 660 839 731 adeo
857 662 1059 757 stupefactus
1078 663 1256 733 Adrastus:

347 785 462 852 «Diva
478 797 595 874 potens
613 807 808 869 nemorum,
825 808 904 851 nam
921 799 954 851 te
969 782 1149 877 vultusque
1167 785 1344 881 pudorque

299 902 435 975 Mortali
453 902 495 970 de
514 903 618 996 stirpe
636 919 776 998 negant,
792 930 865 997 quae
883 902 955 973 loeta
973 905 1034 973 sub
1050 905 1115 973 isto

298 1028 378 1120 Igne
398 1021 467 1117 poli
486 1047 555 1092 non
574 1025 694 1116 quaeris
711 1048 834 1117 aquas,
851 1048 1006 1094 succurre
1027 1027 1223 1119 propinquis

296 1143 460 1214 Gentibus
479 1169 487 1211 ε
507 1144 693 1212 arcitenens
708 1169 765 1213 seu
782 1159 815 1212 te
831 1146 972 1213 Latonia
990 1160 1081 1214 casto

297 1267 347 1334 De
366 1286 468 1357 grege
487 1264 670 1333 transmisit
691 1263 860 1352 thalamis,
878 1290 935 1333 seu
950 1264 1062 1360 lapsus
1079 1266 1119 1333 ab
1137 1267 1234 1334 astris
1257 1322 1264 1343 ,

296 1385 376 1454 Non
394 1383 528 1452 humilis
548 1384 716 1454 loecundat
734 1410 845 1470 amor,
864 1411 972 1479 neque
990 1388 1078 1454 enim
1101 1388 1169 1481 ipse
1187 1390 1340 1456 Deorum

295 1505 429 1574 Arbiter
451 1504 645 1598 Argolidum
663 1503 817 1573 thalamis
839 1530 963 1591 novus,
985 1506 1117 1599 adspice
1135 1521 1251 1575 moesta

296 1625 448 1718 Agmina.
466 1627 537 1696 Nos
554 1624 642 1694 ferro
664 1626 796 1694 meritas
817 1622 1008 1693 exscindere
1023 1624 1173 1693 Thebas·

297 1745 393 1812 Mens
409 1739 486 1810 tulit
506 1768 514 1810 :
532 1739 656 1811 imbelli
673 1742 730 1811 sed
747 1769 838 1812 nunc
856 1744 926 1812 sitis
941 1745 1045 1813 anxia
1063 1744 1132 1815 fato

297 1863 536 1957 Submittitque
555 1865 685 1932 animos
704 1879 739 1932 et
756 1865 877 1935 inertia
896 1865 1017 1935 robora
1033 1868 1149 1961 carpit.

297 1986 350 2052 Da
371 1982 463 2052 fessis
480 1984 514 2051 in
532 1985 630 2054 rebus
645 2010 759 2080 opem,
777 2011 835 2055 seu
853 1986 1006 2056 turbidus
1022 1989 1147 2072 amnis,

299 2107 363 2172 Seu
380 2105 441 2172 tihi
459 2105 546 2174 foeda
566 2105 660 2199 palus
678 2132 686 2175 t
707 2107 791 2176 nihil
809 2108 872 2176 hac
890 2110 924 2176 in
944 2123 1033 2177 sorte
1051 2107 1264 2202 pudendum,

296 2221 353 2292 Nil
371 2223 497 2292 humile
516 2240 566 2294 est
588 2251 595 2292 :
618 2236 655 2294 tu
677 2251 766 2295 nunc
782 2229 905 2312 ventis,
922 2224 1104 2317 Pluvioque
1126 2227 1252 2316 rogaris

296 2345 362 2412 Pro
382 2344 464 2410 Jove
484 2370 492 2411 :
512 2358 548 2411 tu
564 2344 696 2437 refugas
715 2347 817 2431 vires,
837 2361 869 2413 et
886 2359 1020 2438 pectora
1041 2340 1127 2411 bello

296 2462 492 2531 Exanimata
509 2462 600 2555 reple
620 2487 628 2529 ε
647 2465 695 2531 sic
712 2463 776 2532 lsoc
793 2464 854 2532 tibi
873 2464 980 2532 sidere
997 2462 1113 2531 dextro

298 2587 432 2654 Crescat
447 2606 532 2650 onus
550 2607 557 2649 :
579 2580 711 2650 tantum
728 2581 867 2652 reduces
887 2583 943 2652 det
963 2583 1094 2652 flectere
1112 2606 1242 2677 gressus

297 2704 467 2797 luppiter,
485 2727 506 2771 o
525 2717 652 2796 quanta
669 2702 747 2772 belli
766 2702 934 2773 donabere
953 2702 1079 2798 praeda!

298 2826 445 2894 Dircaeos
464 2824 544 2910 tibi,
565 2825 670 2912 Diva,
687 2849 821 2920 greges,
841 2848 1085 2917 numerumque
1106 2822 1285 2915 rependam

296 2943 421 3032 Plebis,
443 2958 477 3012 et
495 2946 548 3013 hic
566 2968 685 3040 magna
705 2943 799 3015 lucus
816 2945 1002 3038 signabitur
1020 2968 1085 3011 ara.
1106 2971 1121 3005 s

346 3065 454 3151 Dixit,
473 3079 506 3133 et
525 3067 652 3135 orantis
669 3065 776 3134 media
795 3067 881 3133 inter
897 3061 1061 3132 anhelitus
1078 3062 1195 3131 ardens

299 3184 409 3252 Verba
429 3185 535 3278 rapit,
556 3210 722 3278 cursuque
742 3186 860 3253 animae
881 3182 969 3252 labat
988 3182 1080 3250 arida
1102 3181 1224 3276 lingua.

300 3302 389 3369 [dem
406 3328 521 3371 omues
538 3302 711 3398 pallorque
727 3307 833 3388 viroS,
851 3304 1015 3397 flatusque
1035 3301 1135 3372 soluti

298 3423 375 3490 Oris
393 3422 492 3491 habet
510 3448 518 3490 :
539 3422 652 3507 reddit
670 3424 810 3492 demisso
828 3426 967 3494 Lemnia
984 3423 1100 3492 vultu:

346 3573 360 3603 «
377 3543 464 3610 Diva
480 3541 616 3634 quidem
633 3544 746 3630 vobis,
759 3546 821 3612 etsi
841 3543 982 3613 coelestis
1001 3547 1096 3638 origo
1116 3558 1185 3629 est,

213 3660 216 3667 ’
299 3660 396 3729 Unde
415 3661 501 3755 ego?
521 3660 678 3731 mortales
695 3664 822 3731 utinam
840 3663 930 3732 haud
947 3679 1151 3758 transgressa
1173 3664 1306 3732 fuissem

298 3777 474 3849 Luctibus!
495 3780 645 3850 altricem
670 3783 817 3851 mandati
834 3785 970 3853 cernitis
989 3785 1106 3852 orbam

298 3899 449 3995 Pignoris
467 3927 474 3968 :
495 3916 531 3970 at
551 3904 673 3971 nostris
689 3928 731 3971 an
751 3904 826 3996 quis
844 3905 952 3990 sinus,
973 3905 1143 3998 uberaque
1159 3900 1241 3984 ulla,

299 4022 369 4091 Scit
389 4024 503 4090 Deus:
520 4037 553 4091 et
569 4024 664 4092 nobis
685 4048 828 4119 regnum
850 4038 975 4110 tamen,
995 4039 1026 4092 et
1049 4038 1143 4119 paler
1164 4024 1292 4114 ingens.
