2812 5258
334 428 389 488 sss
634 414 844 472 nmmos
864 413 977 470 mnu
989 411 1068 466 VIII.
1252 403 1376 487 l'·²3⁵·l

333 544 529 632 Connuhia,
545 556 578 610 et
595 539 700 608 multa
719 538 894 607 deductam
912 534 1062 629 lampade
1079 533 1221 601 fian-um

333 663 537 734 IIarmonien
562 687 572 729 t
589 660 755 753 nullisque
774 659 865 726 deest
882 681 942 725 sua
958 654 1070 724 fabula
1088 654 1221 721 mensis.

333 787 404 854 Ceu
418 782 518 852 modo
535 780 762 877 gemmiferum
783 780 897 872 thyrso
912 775 1091 872 populatus
1107 772 1305 866 Hydaspen,

334 907 484 995 ansque
500 901 637 989 domos,
656 900 744 996 nigri
761 896 881 968 vexilla
893 896 1054 991 triumphi

333 1022 446 1109 Liber,
463 1037 498 1090 et
512 1023 644 1116 ignotos
656 1018 790 1116 populis
803 1017 993 1088 ostenderet
1002 1015 1114 1084 Indos.

381 1144 468 1210 'l'um
487 1143 632 1235 primum
649 1139 692 1208 ad
708 1153 829 1223 coetus,
846 1139 1006 1230 sociaque
1028 1134 1071 1203 ad
1089 1132 1212 1202 foedera
1227 1156 1367 1219 menses,

335 1263 473 1354 Semper
488 1259 731 1354 inadspcetum,
752 1258 891 1352 diraque
908 1260 943 1325 in
961 1255 1039 1327 sede
1056 1254 1229 1339 latentem,

335 1379 538 1475 OEdipoden
554 1382 658 1448 exisse
675 1379 807 1466 leuant,
827 1377 986 1471 vultuque
1000 1399 1115 1445 sereno

335 1501 501 1569 Canitiem
516 1499 646 1593 nigram
659 1497 829 1591 squalore,
846 1513 880 1566 et
893 1495 1027 1565 sordida
1040 1496 1121 1565 fusis

337 1620 408 1687 Ora
425 1619 529 1686 comis
546 1615 673 1687 laxasse
690 1640 808 1702 manu,
825 1616 1016 1709 sociumque
1031 1616 1192 1711 benignos

336 1735 480 1823 Atlans,
496 1750 531 1805 et
547 1736 663 1807 ahsa·
680 1736 775 1831 prius
789 1735 906 1806 solatia
923 1759 1077 1829 passmn:

336 1858 430 1945 Quin
446 1856 592 1926 hausisse
606 1857 724 1952 dapes,
740 1856 1000 1948 insiccatumque
1013 1880 1165 1926 cmorem

338 1977 505 2069 Dejecisse
522 1978 613 2072 genis
629 1990 790 2048 ammaon
806 1976 982 2071 auditque,
997 1975 1179 2071 refertque,

338 2097 409 2184 Qui
425 2098 557 2187 Ditem,
577 2112 610 2167 et
628 2100 744 2169 Furias
762 2113 911 2188 untom,
928 2111 963 2168 et
978 2098 1158 2190 siquando
1177 2112 1347 2191 regentem

339 2217 546 2309 Antigonen,
564 2219 688 2286 moestis
704 2216 820 2287 solitus
835 2216 968 2312 pulsare
981 2194 1136 2310 querelis.

337 2335 448 2402 Cnusa
466 2332 546 2402 latet
560 2360 569 2402 ε
587 2358 656 2401 non
674 2334 763 2401 hunc
780 2337 871 2426 Tyrii
891 2334 959 2402 fors
976 2357 1135 2427 prospera
1150 2330 1245 2417 helli;

338 2455 482 2520 Tantum
500 2449 587 2520 bella
596 2452 741 2543 juvant:
762 2465 878 2520 natum
896 2451 1135 2545 hortaturque,
1144 2451 1349 2546 probatque,

338 2573 411 2641 Nec
427 2570 544 2640 vicisse
558 2568 656 2658 velit;
675 2571 733 2640 sed
751 2572 875 2666 primos
894 2571 1044 2641 cominus
1060 2595 1153 2642 enses

340 2693 386 2760 Et
405 2686 566 2759 scelerum
578 2691 679 2759 tacito
698 2693 840 2762 rimamr
855 2694 980 2762 semina
993 2706 1082 2762 voto.

341 2808 423 2878 Inde
441 2807 545 2903 epulae
561 2808 693 2900 dulces,
711 2813 891 2908 ignotaque
906 2812 1026 2908 gaudia
1041 2810 1147 2880 vultu.

342 2927 459 3016 Qualis
477 2943 552 3023 post
571 2928 677 3024 longe
693 2931 839 3001 Phineus
855 2933 980 3026 jejunia
997 2957 1120 3025 poenae,

342 3047 400 3120 Nil
419 3047 558 3118 stridere
575 3048 666 3117 domi
685 3049 835 3120 volucres
852 3065 889 3119 ut
907 3053 1008 3120 sensit
1022 3052 1170 3141 abactas,

342 3166 494 3238 Necdum
514 3182 585 3238 tots
603 3168 703 3257 fides,
720 3169 852 3257 hilaris,
872 3195 1081 3265 mensasque,
1101 3188 1271 3267 torosque,

341 3286 412 3355 Nec
429 3286 562 3356 turbate
578 3286 656 3357 feris
675 3290 827 3358 mcuvit
845 3288 963 3382 pocula
980 3294 1105 3385 pennis.

390 3406 509 3474 Cetera
524 3408 704 3477 Graiorum
721 3410 808 3477 curis
823 3410 988 3503 armisque
1002 3413 1132 3505 jacebat

341 3527 437 3591 Fessa
456 3523 598 3592 cohors:
616 3525 685 3595 alto
700 3541 882 3597 castrorum
902 3555 941 3599 es
961 3557 1082 3626 aggere
1096 3532 1255 3601 Adrastus

341 3639 503 3709 Laetifioos
521 3645 612 3712 tenui
631 3646 784 3740 captabat
801 3648 903 3718 eorde
921 3651 1097 3741 tumultus,

342 3760 544 3850 Quanquam
562 3786 650 3855 aeger
667 3766 759 3834 senio
774 3792 782 3835 ε
797 3767 856 3836 sed
873 3770 942 3863 agit
960 3772 1145 3841 miseranda
1161 3785 1302 3867 potestas

340 3877 518 3973 Invigilare
537 3879 656 3952 malis:
674 3882 768 3954 illum
784 3911 887 3958 erens
909 3890 1055 3985 undique
1072 3891 1197 3962 clamor

342 3998 558 4093 Thebanique
575 4019 677 4074 urunt
693 4009 841 4097 sonitus,
861 4025 895 4078 et
911 4034 1024 4081 amara
1042 4013 1169 4084 lacessit
