2812 5258
101 484 212 536 (24¹3.)
425 483 633 539 THEBMDOS
652 486 760 541 LIBER
781 487 803 541 1.
1072 485 1124 542 183

101 608 272 673 Exsertare
293 605 466 691 humeros,
486 606 676 699 nudamque
693 607 848 677 lacessere
865 633 1020 703 pugnam.

100 722 225 791 Celsior
244 722 298 791 ille
314 724 417 819 gradu
436 750 574 819 procera
595 728 628 795 in
647 727 810 810 membra,
831 726 992 819 simulque

99 845 231 935 Integer
245 868 429 930 annorum,
449 843 506 912 sed
526 869 593 912 non
613 861 646 914 et
665 847 790 914 viribus
810 847 896 914 infra

99 961 209 1059 Tydea
226 959 289 1031 fert
308 964 456 1049 animus,
477 977 628 1056 totosque
643 964 751 1033 infusa
767 989 825 1057 per
841 979 931 1033 artus

99 1081 208 1172 Major
225 1082 260 1148 in
278 1082 397 1175 exiguo
416 1083 575 1175 regnabat
592 1106 731 1173 corpore
748 1083 861 1151 virtus.

100 1202 170 1267 Jam
187 1200 318 1268 crebros
335 1201 422 1269 ictus
439 1225 498 1268 ora
516 1216 549 1269 et
567 1225 645 1269 cava
664 1215 812 1295 tempora
829 1203 952 1269 circum

100 1320 222 1386 Obnixi
242 1321 463 1413 ingeminant,
481 1318 622 1388 telorum
641 1335 698 1389 aut
719 1319 887 1415 grandinis
904 1321 1007 1387 instar

102 1438 284 1532 Rhiphaeae,
302 1438 451 1531 flexoque
471 1462 558 1533 genu
576 1462 680 1508 vacua
699 1438 753 1508 ilia
770 1437 924 1507 tundunt.

100 1556 176 1624 Non
195 1556 289 1626 aliter
307 1581 405 1649 quam
422 1558 525 1627 Pisaeo
542 1580 601 1625 sua
616 1555 720 1626 lustra
738 1557 880 1626 Tonanti

100 1675 214 1762 Quum
232 1676 389 1763 redeunt,
409 1675 585 1768 crudisque
600 1677 709 1746 virum
723 1675 898 1746 sudoribus
913 1673 1006 1742 ardet

101 1792 229 1876 Pulvis,
247 1808 281 1861 at
299 1793 377 1861 hinc
393 1808 524 1863 teneros
538 1819 644 1864 caveae
658 1796 823 1865 dissensus
841 1793 983 1888 ephebos

52 1994 57 2011 .
102 1913 274 1996 Concitet,
293 1908 497 2004 exclusaeque
515 1928 705 2004 exspectant
725 1914 859 2006 premia
873 1927 1003 1980 matres.

103 2030 156 2098 Sic
173 2026 293 2096 alacres
308 2028 404 2115 odio,
424 2027 580 2122 nullaque
595 2031 749 2123 cupidine
764 2029 869 2099 laudis
929 2075 932 2085 ·

102 2148 238 2217 Accensi
254 2148 443 2235 incurrunt,
461 2161 629 2217 scrutatur
645 2162 678 2215 et
696 2149 812 2215 intima
832 2146 943 2216 vultus

101 2271 194 2336 Unca
211 2291 344 2352 manus,
361 2267 559 2360 penitusque
575 2267 678 2335 oculis
693 2266 884 2336 cedentibus
902 2269 1009 2335 instat.

101 2390 223 2454 Forsan
243 2400 276 2454 et
292 2386 455 2453 accinctos
474 2384 585 2471 lateri,
604 2386 650 2455 sic
666 2387 714 2455 ira
731 2385 874 2471 ferebat,

101 2505 288 2574 Nudassent
308 2527 421 2592 enses,
439 2502 620 2597 meliusque
638 2502 809 2573 hostilibus
826 2506 925 2573 armis

101 2622 277 2716 Lugendus
297 2622 405 2710 fratri,
423 2623 551 2716 juvenis
571 2624 741 2712 Thebane,
756 2624 896 2716 jaceres,

101 2744 142 2809 Ni
160 2766 217 2809 rex
234 2739 399 2810 insolitum
418 2739 609 2829 clamorem,
626 2757 659 2811 et
674 2756 807 2837 pectore
823 2741 865 2808 ab
883 2738 951 2807 alto

101 2859 277 2928 Stridentes
295 2859 450 2953 gemitus,
469 2862 575 2928 noctis
594 2862 731 2929 miratus
750 2861 783 2926 in
803 2857 944 2937 umbris,

100 2980 255 3047 Movisset
273 3003 415 3074 wius,
435 2980 564 3071 magnis
580 2979 633 3046 cui
654 2978 762 3047 sobria
781 2978 868 3047 curis

101 3097 266 3167 Pendebat
283 3122 399 3167 somno
414 3099 483 3191 jam
501 3097 661 3165 deteriore
678 3112 835 3166 senectus.

148 3221 245 3310 Isque
262 3217 318 3286 ubi
335 3215 550 3312 progrediens
567 3239 743 3284 numerosa
758 3214 844 3301 luce,
862 3241 922 3309 per
936 3214 1001 3284 alta

101 3337 208 3420 Atria,
227 3335 359 3404 dimotis
376 3336 513 3404 adverso
531 3333 643 3402 limine
661 3332 811 3402 claustris

101 3452 294 3520 Terribilem
311 3453 401 3522 dictu
418 3453 549 3540 faciem,
567 3451 673 3522 lacera
690 3477 766 3540 ora,
781 3467 960 3546 putresque

104 3571 289 3664 sanguineo
307 3569 395 3638 videt
411 3573 516 3642 imbre
532 3596 655 3666 genas:
673 3571 784 3658 «Qua
801 3595 898 3640 causa
915 3571 1037 3640 littoris

104 3690 236 3757 Externi
250 3689 388 3779 juvenes
406 3690 526 3783 (neque
543 3694 631 3759 enim
647 3714 738 3759 meus
758 3690 877 3759 audeat
892 3691 970 3757 istas

102 3808 192 3875 Civis
210 3809 243 3874 in
262 3829 365 3897 usque
380 3808 524 3902 manus),
541 3811 692 3902 quisnam
710 3805 924 3901 implacabilis
939 3805 1038 3874 ardor

103 3925 285 3995 Exturbare
303 3923 388 3992 odiis
402 3924 578 4016 tranquilla
595 3924 725 3995 silentia
743 3923 870 3993 noctis?

102 4047 216 4136 Usque
231 4042 356 4113 adeone
370 4054 508 4136 angusta
525 4042 615 4113 dies?
633 4058 666 4110 et
681 4043 790 4127 triste,
808 4064 986 4134 paninper
