<?xml version="1.0" encoding="UTF-8"?>
<!DOCTYPE html PUBLIC "-//W3C//DTD XHTML 1.0 Transitional//EN"
    "http://www.w3.org/TR/xhtml1/DTD/xhtml1-transitional.dtd">
<html xmlns="http://www.w3.org/1999/xhtml" xml:lang="en" lang="en">
 <head>
  <title>
</title>
<meta http-equiv="Content-Type" content="text/html;charset=utf-8" />
  <meta name='ocr-system' content='tesseract 3.04.00' />
  <meta name='ocr-capabilities' content='ocr_page ocr_carea ocr_par ocr_line ocrx_word'/>
</head>
<body>
  <div class='ocr_page' id='page_1' title='image "./publiipapiniist01statgoog_0262.png"; bbox 0 0 2812 5258; ppageno 0'>
   <div class='ocr_carea' id='block_1_1' title="bbox 190 478 846 537">
    <p class='ocr_par' dir='ltr' id='par_1_1' title="bbox 190 478 846 537">
     <span class='ocr_line' id='line_1_1' title="bbox 190 478 846 537; baseline -0.003 0"><span class='ocrx_word' id='word_1_1' title='bbox 190 480 245 537; x_wconf 82' lang='lat'><strong>280</strong></span> <span class='ocrx_word' id='word_1_2' title='bbox 557 478 846 535; x_wconf 76' lang='lat' dir='ltr'><strong>ADNOTATIONES</strong></span> 
     </span>
    </p>
   </div>
   <div class='ocr_carea' id='block_1_2' title="bbox 187 594 1231 850">
    <p class='ocr_par' dir='ltr' id='par_1_2' title="bbox 187 594 1231 850">
     <span class='ocr_line' id='line_1_2' title="bbox 188 594 1231 673; baseline 0.005 -21"><span class='ocrx_word' id='word_1_3' title='bbox 188 599 239 665; x_wconf 84' lang='lat' dir='ltr'><strong>ait,</strong></span> <span class='ocrx_word' id='word_1_4' title='bbox 252 607 318 670; x_wconf 90' lang='lat' dir='ltr'><strong>post</strong></span> <span class='ocrx_word' id='word_1_5' title='bbox 330 616 356 651; x_wconf 85' lang='lat' dir='ltr'><strong>v.</strong></span> <span class='ocrx_word' id='word_1_6' title='bbox 369 597 402 652; x_wconf 81' lang='lat'><strong>31</strong></span> <span class='ocrx_word' id='word_1_7' title='bbox 415 595 609 650; x_wconf 85' lang='lat' dir='ltr'><strong>collocaretur.</strong></span> <span class='ocrx_word' id='word_1_8' title='bbox 624 597 714 649; x_wconf 84' lang='lat' dir='ltr'><strong>Docet</strong></span> <span class='ocrx_word' id='word_1_9' title='bbox 727 604 824 667; x_wconf 90' lang='lat' dir='ltr'><strong>poeta,</strong></span> <span class='ocrx_word' id='word_1_10' title='bbox 837 594 999 653; x_wconf 77' lang='lat' dir='ltr'>femininam</span> <span class='ocrx_word' id='word_1_11' title='bbox 1011 614 1144 672; x_wconf 84' lang='lat' dir='ltr'><strong>quoque</strong></span> <span class='ocrx_word' id='word_1_12' title='bbox 1156 618 1231 673; x_wconf 85' lang='lat' dir='ltr'><strong>pro-</strong></span> 
     </span>
     <span class='ocr_line' id='line_1_3' title="bbox 188 682 1230 769; baseline 0.002 -25"><span class='ocrx_word' id='word_1_13' title='bbox 188 691 240 744; x_wconf 85' lang='lat' dir='ltr'><strong>lem</strong></span> <span class='ocrx_word' id='word_1_14' title='bbox 254 689 307 761; x_wconf 89' lang='lat' dir='ltr'><strong>ipsi</strong></span> <span class='ocrx_word' id='word_1_15' title='bbox 323 688 384 743; x_wconf 79' lang='lat' dir='ltr'><strong>fore</strong></span> <span class='ocrx_word' id='word_1_16' title='bbox 397 690 485 742; x_wconf 75' lang='lat' dir='ltr'><strong>latam</strong></span> <span class='ocrx_word' id='word_1_17' title='bbox 504 695 532 740; x_wconf 89' lang='lat' dir='ltr'><strong>et</strong></span> <span class='ocrx_word' id='word_1_18' title='bbox 548 682 733 740; x_wconf 87' lang='lat' dir='ltr'><strong>honorificam</strong></span> <span class='ocrx_word' id='word_1_19' title='bbox 747 704 754 739; x_wconf 75' lang='grc' dir='ltr'><strong>ε</strong></span> <span class='ocrx_word' id='word_1_20' title='bbox 768 704 872 758; x_wconf 90' lang='lat' dir='ltr'><strong>pueros</strong></span> <span class='ocrx_word' id='word_1_21' title='bbox 885 686 1000 760; x_wconf 89' lang='lat' dir='ltr'><strong>quidem</strong></span> <span class='ocrx_word' id='word_1_22' title='bbox 1013 687 1125 746; x_wconf 84' lang='lat' dir='ltr'><strong>decere</strong></span> <span class='ocrx_word' id='word_1_23' title='bbox 1137 691 1230 769; x_wconf 68' lang='lat' dir='ltr'><strong>magis</strong></span> 
     </span>
     <span class='ocr_line' id='line_1_4' title="bbox 187 776 1229 850; baseline 0.008 -17"><span class='ocrx_word' id='word_1_24' title='bbox 187 780 319 834; x_wconf 82' lang='lat' dir='ltr'><strong>virtutem</strong></span> <span class='ocrx_word' id='word_1_25' title='bbox 332 790 359 835; x_wconf 91' lang='lat' dir='ltr'><strong>et</strong></span> <span class='ocrx_word' id='word_1_26' title='bbox 371 778 444 833; x_wconf 81' lang='lat' dir='ltr'><strong>iacta</strong></span> <span class='ocrx_word' id='word_1_27' title='bbox 456 776 584 850; x_wconf 86' lang='lat' dir='ltr'><strong>publica,</strong></span> <span class='ocrx_word' id='word_1_28' title='bbox 598 785 626 830; x_wconf 90' lang='lat' dir='ltr'><strong>at</strong></span> <span class='ocrx_word' id='word_1_29' title='bbox 640 794 675 831; x_wconf 87' lang='lat' dir='ltr'><strong>ex</strong></span> <span class='ocrx_word' id='word_1_30' title='bbox 688 776 796 850; x_wconf 81' lang='lat' dir='ltr'><strong>virgine</strong></span> <span class='ocrx_word' id='word_1_31' title='bbox 809 795 873 833; x_wconf 89' lang='lat' dir='ltr'><strong>curn</strong></span> <span class='ocrx_word' id='word_1_32' title='bbox 886 779 966 834; x_wconf 73' lang='lat' dir='ltr'><strong>citim</strong></span> <span class='ocrx_word' id='word_1_33' title='bbox 983 778 1162 837; x_wconf 86' lang='lat' dir='ltr'><strong>habitururn</strong></span> <span class='ocrx_word' id='word_1_34' title='bbox 1174 802 1229 841; x_wconf 81' lang='lat' dir='ltr'><strong>ne-</strong></span> 
     </span>
    </p>
   </div>
   <div class='ocr_carea' id='block_1_3' title="bbox 107 867 1227 943">
    <p class='ocr_par' dir='ltr' id='par_1_3' title="bbox 107 867 1227 943">
     <span class='ocr_line' id='line_1_5' title="bbox 107 867 1227 943; baseline 0.001 -17"><span class='ocrx_word' id='word_1_35' title='bbox 107 894 110 899; x_wconf 94' lang='lat'>·</span> <span class='ocrx_word' id='word_1_36' title='bbox 187 881 281 943; x_wconf 86' lang='lat' dir='ltr'><strong>potes,</strong></span> <span class='ocrx_word' id='word_1_37' title='bbox 295 871 332 926; x_wconf 93' lang='lat' dir='ltr'><strong>ob</strong></span> <span class='ocrx_word' id='word_1_38' title='bbox 346 870 523 943; x_wconf 83' lang='lat' dir='ltr'><strong>pubertatem</strong></span> <span class='ocrx_word' id='word_1_39' title='bbox 536 867 732 939; x_wconf 78' lang='lat' dir='ltr'><strong>maturiorem,</strong></span> <span class='ocrx_word' id='word_1_40' title='bbox 746 878 778 922; x_wconf 93' lang='lat' dir='ltr'><strong>ut</strong></span> <span class='ocrx_word' id='word_1_41' title='bbox 796 879 872 924; x_wconf 88' lang='lat' dir='ltr'><strong>recte</strong></span> <span class='ocrx_word' id='word_1_42' title='bbox 885 869 1063 943; x_wconf 78' lang='lat' dir='ltr'><strong>explicuerat</strong></span> <span class='ocrx_word' id='word_1_43' title='bbox 1077 874 1227 931; x_wconf 78' lang='lat' dir='ltr'><strong>Dodsrell.</strong></span> 
     </span>
    </p>
   </div>
   <div class='ocr_carea' id='block_1_4' title="bbox 185 956 1227 1400">
    <p class='ocr_par' dir='ltr' id='par_1_4' title="bbox 188 956 1227 1124">
     <span class='ocr_line' id='line_1_6' title="bbox 226 956 1227 1041; baseline 0.006 -24"><span class='ocrx_word' id='word_1_44' title='bbox 226 962 350 1017; x_wconf 78' lang='lat' dir='ltr'><strong>Abantia</strong></span> <span class='ocrx_word' id='word_1_45' title='bbox 363 961 461 1015; x_wconf 73' lang='lat' dir='ltr'><strong>classis</strong></span> <span class='ocrx_word' id='word_1_46' title='bbox 475 957 512 1034; x_wconf 82' lang='lat' dir='ltr'><strong>(v.</strong></span> <span class='ocrx_word' id='word_1_47' title='bbox 529 956 586 1034; x_wconf 73' lang='lat'><strong>46).</strong></span> <span class='ocrx_word' id='word_1_48' title='bbox 604 958 738 1014; x_wconf 87' lang='lat' dir='ltr'><strong>Euboica.</strong></span> <span class='ocrx_word' id='word_1_49' title='bbox 758 962 795 1015; x_wconf 85' lang='lat' dir='ltr'><strong>ln</strong></span> <span class='ocrx_word' id='word_1_50' title='bbox 806 959 913 1016; x_wconf 83' lang='lat' dir='ltr'><strong>Euboea</strong></span> <span class='ocrx_word' id='word_1_51' title='bbox 935 962 1063 1033; x_wconf 82' lang='lat' dir='ltr'><strong>Chalcis,</strong></span> <span class='ocrx_word' id='word_1_52' title='bbox 1085 966 1227 1041; x_wconf 82' lang='lat' dir='ltr'><strong>Neapolis</strong></span> 
     </span>
     <span class='ocr_line' id='line_1_7' title="bbox 188 1050 569 1124; baseline 0 -17"><span class='ocrx_word' id='word_1_53' title='bbox 188 1063 216 1107; x_wconf 88' lang='lat' dir='ltr'><strong>et</strong></span> <span class='ocrx_word' id='word_1_54' title='bbox 230 1055 382 1109; x_wconf 87' lang='lat' dir='ltr'><strong>Cumarum</strong></span> <span class='ocrx_word' id='word_1_55' title='bbox 394 1050 569 1124; x_wconf 84' lang='lat' dir='ltr'><strong>metropolis.</strong></span> 
     </span>
    </p>

    <p class='ocr_par' dir='ltr' id='par_1_5' title="bbox 185 1140 1224 1400">
     <span class='ocr_line' id='line_1_8' title="bbox 230 1140 1224 1219; baseline 0.006 -23"><span class='ocrx_word' id='word_1_56' title='bbox 230 1145 373 1200; x_wconf 85' lang='lat' dir='ltr'><strong>Volucrem</strong></span> <span class='ocrx_word' id='word_1_57' title='bbox 392 1140 429 1219; x_wconf 86' lang='lat' dir='ltr'><strong>(v.</strong></span> <span class='ocrx_word' id='word_1_58' title='bbox 446 1140 503 1218; x_wconf 75' lang='lat'>48).</span> <span class='ocrx_word' id='word_1_59' title='bbox 519 1142 693 1200; x_wconf 87' lang='lat' dir='ltr'><strong>Columbam.</strong></span> <span class='ocrx_word' id='word_1_60' title='bbox 707 1141 780 1198; x_wconf 87' lang='lat' dir='ltr'><strong>Vide</strong></span> <span class='ocrx_word' id='word_1_61' title='bbox 793 1142 830 1198; x_wconf 87' lang='lat' dir='ltr'><strong>ad</strong></span> <span class='ocrx_word' id='word_1_62' title='bbox 844 1162 899 1212; x_wconf 89' lang='lat' dir='ltr'><strong>nr,</strong></span> <span class='ocrx_word' id='word_1_63' title='bbox 914 1144 944 1211; x_wconf 83' lang='lat'><strong>5,</strong></span> <span class='ocrx_word' id='word_1_64' title='bbox 959 1163 1006 1219; x_wconf 81' lang='lat'><strong>79.</strong></span> <span class='ocrx_word' id='word_1_65' title='bbox 1024 1178 1069 1188; x_wconf 97' lang='lat'>-</span> <span class='ocrx_word' id='word_1_66' title='bbox 1082 1148 1224 1207; x_wconf 63' lang='lat' dir='ltr'><strong>Emito.</strong></span> 
     </span>
     <span class='ocr_line' id='line_1_9' title="bbox 186 1232 1223 1311; baseline -0.001 -20"><span class='ocrx_word' id='word_1_67' title='bbox 186 1235 293 1291; x_wconf 86' lang='lat' dir='ltr'><strong>Eumeli</strong></span> <span class='ocrx_word' id='word_1_68' title='bbox 311 1232 369 1290; x_wconf 85' lang='lat' dir='ltr'><strong>lilia</strong></span> <span class='ocrx_word' id='word_1_69' title='bbox 385 1252 443 1289; x_wconf 86' lang='lat' dir='ltr'><strong>esse</strong></span> <span class='ocrx_word' id='word_1_70' title='bbox 456 1232 543 1288; x_wconf 90' lang='lat' dir='ltr'><strong>debet</strong></span> <span class='ocrx_word' id='word_1_71' title='bbox 554 1234 730 1305; x_wconf 84' lang='lat' dir='ltr'><strong>Parthenope</strong></span> <span class='ocrx_word' id='word_1_72' title='bbox 744 1252 752 1286; x_wconf 75' lang='lat' dir='ltr'><strong>t</strong></span> <span class='ocrx_word' id='word_1_73' title='bbox 766 1232 815 1289; x_wconf 84' lang='lat' dir='ltr'><strong>sed</strong></span> <span class='ocrx_word' id='word_1_74' title='bbox 828 1232 896 1288; x_wconf 90' lang='lat' dir='ltr'><strong>mihi</strong></span> <span class='ocrx_word' id='word_1_75' title='bbox 908 1233 1025 1307; x_wconf 86' lang='lat' dir='ltr'><strong>quidem</strong></span> <span class='ocrx_word' id='word_1_76' title='bbox 1040 1235 1166 1311; x_wconf 70' lang='lat' dir='ltr'><strong>ignotus</strong></span> <span class='ocrx_word' id='word_1_77' title='bbox 1176 1240 1223 1297; x_wconf 78' lang='lat' dir='ltr'><strong>bie</strong></span> 
     </span>
     <span class='ocr_line' id='line_1_10' title="bbox 185 1323 1080 1400; baseline 0.002 -19"><span class='ocrx_word' id='word_1_78' title='bbox 185 1327 304 1400; x_wconf 78' lang='lat' dir='ltr'><strong>mythus.</strong></span> <span class='ocrx_word' id='word_1_79' title='bbox 319 1327 362 1381; x_wconf 86' lang='lat' dir='ltr'><strong>De</strong></span> <span class='ocrx_word' id='word_1_80' title='bbox 376 1323 466 1400; x_wconf 74' lang='lat' dir='ltr'><strong>effigie</strong></span> <span class='ocrx_word' id='word_1_81' title='bbox 480 1324 508 1377; x_wconf 92' lang='lat' dir='ltr'><strong>in</strong></span> <span class='ocrx_word' id='word_1_82' title='bbox 526 1327 631 1397; x_wconf 89' lang='lat' dir='ltr'><strong>templo</strong></span> <span class='ocrx_word' id='word_1_83' title='bbox 645 1324 780 1397; x_wconf 88' lang='lat' dir='ltr'><strong>loquitur.</strong></span> <span class='ocrx_word' id='word_1_84' title='bbox 798 1356 838 1367; x_wconf 93' lang='lat'><em>-</em></span> <span class='ocrx_word' id='word_1_85' title='bbox 850 1327 958 1380; x_wconf 83' lang='lat' dir='ltr'><strong>Actoea.</strong></span> <span class='ocrx_word' id='word_1_86' title='bbox 972 1326 1080 1383; x_wconf 77' lang='lat' dir='ltr'><strong>Attica.</strong></span> 
     </span>
    </p>
   </div>
   <div class='ocr_carea' id='block_1_5' title="bbox 184 1424 1222 2499">
    <p class='ocr_par' dir='ltr' id='par_1_6' title="bbox 184 1424 1222 1858">
     <span class='ocr_line' id='line_1_11' title="bbox 224 1424 1222 1509; baseline 0.005 -26"><span class='ocrx_word' id='word_1_87' title='bbox 224 1430 315 1484; x_wconf 79' lang='lat' dir='ltr'><strong>Penii</strong></span> <span class='ocrx_word' id='word_1_88' title='bbox 321 1440 427 1483; x_wconf 77' lang='lat' dir='ltr'><strong>servate</strong></span> <span class='ocrx_word' id='word_1_89' title='bbox 434 1429 555 1482; x_wconf 81' lang='lat' dir='ltr'><strong>Penates</strong></span> <span class='ocrx_word' id='word_1_90' title='bbox 566 1424 603 1503; x_wconf 84' lang='lat' dir='ltr'><strong>(v.</strong></span> <span class='ocrx_word' id='word_1_91' title='bbox 616 1424 672 1502; x_wconf 67' lang='lat'><strong>54).</strong></span> <span class='ocrx_word' id='word_1_92' title='bbox 686 1429 729 1482; x_wconf 89' lang='lat' dir='ltr'><strong>Dc</strong></span> <span class='ocrx_word' id='word_1_93' title='bbox 741 1427 785 1482; x_wconf 90' lang='lat' dir='ltr'><strong>bis</strong></span> <span class='ocrx_word' id='word_1_94' title='bbox 799 1427 855 1503; x_wconf 71' lang='lat' dir='ltr'><strong>egit</strong></span> <span class='ocrx_word' id='word_1_95' title='bbox 867 1429 1012 1500; x_wconf 61' lang='lat' dir='ltr'><strong>Gronov„</strong></span> <span class='ocrx_word' id='word_1_96' title='bbox 1024 1449 1057 1504; x_wconf 91' lang='lat' dir='ltr'><strong>p.</strong></span> <span class='ocrx_word' id='word_1_97' title='bbox 1071 1449 1135 1509; x_wconf 74' lang='lat' dir='ltr'><strong>apo</strong></span> <span class='ocrx_word' id='word_1_98' title='bbox 1148 1453 1222 1509; x_wconf 65' lang='lat' dir='ltr'><strong>sqq„</strong></span> 
     </span>
     <span class='ocr_line' id='line_1_12' title="bbox 185 1516 1222 1593; baseline 0.009 -21"><span class='ocrx_word' id='word_1_99' title='bbox 185 1518 223 1573; x_wconf 85' lang='lat' dir='ltr'><strong>ita</strong></span> <span class='ocrx_word' id='word_1_100' title='bbox 237 1530 269 1574; x_wconf 91' lang='lat' dir='ltr'><strong>ut</strong></span> <span class='ocrx_word' id='word_1_101' title='bbox 276 1520 382 1593; x_wconf 81' lang='lat' dir='ltr'><strong>patn&#39;oe</strong></span> <span class='ocrx_word' id='word_1_102' title='bbox 403 1521 518 1573; x_wconf 85' lang='lat' dir='ltr'><strong>Penates</strong></span> <span class='ocrx_word' id='word_1_103' title='bbox 530 1518 627 1589; x_wconf 91' lang='lat' dir='ltr'><strong>paullo</strong></span> <span class='ocrx_word' id='word_1_104' title='bbox 647 1517 747 1573; x_wconf 88' lang='lat' dir='ltr'><strong>clarius</strong></span> <span class='ocrx_word' id='word_1_105' title='bbox 761 1517 867 1572; x_wconf 90' lang='lat' dir='ltr'><strong>dictum</strong></span> <span class='ocrx_word' id='word_1_106' title='bbox 884 1516 969 1574; x_wconf 78' lang='lat' dir='ltr'><strong>fuisse</strong></span> <span class='ocrx_word' id='word_1_107' title='bbox 983 1534 1130 1593; x_wconf 77' lang='lat' dir='ltr'><strong>appareat</strong></span> <span class='ocrx_word' id='word_1_108' title='bbox 1147 1544 1156 1579; x_wconf 76' lang='grc' dir='ltr'><strong><em>ε</em></strong></span> <span class='ocrx_word' id='word_1_109' title='bbox 1173 1526 1222 1581; x_wconf 83' lang='lat' dir='ltr'><strong>sed</strong></span> 
     </span>
     <span class='ocr_line' id='line_1_13' title="bbox 185 1608 1221 1691; baseline 0.004 -27"><span class='ocrx_word' id='word_1_110' title='bbox 185 1609 250 1665; x_wconf 88' lang='lat' dir='ltr'><strong>ideo</strong></span> <span class='ocrx_word' id='word_1_111' title='bbox 272 1612 361 1665; x_wconf 89' lang='lat' dir='ltr'><strong>solum</strong></span> <span class='ocrx_word' id='word_1_112' title='bbox 374 1628 432 1663; x_wconf 90' lang='lat' dir='ltr'><strong>non</strong></span> <span class='ocrx_word' id='word_1_113' title='bbox 455 1608 575 1664; x_wconf 84' lang='lat' dir='ltr'><strong>debebat</strong></span> <span class='ocrx_word' id='word_1_114' title='bbox 591 1608 679 1681; x_wconf 88' lang='lat' dir='ltr'><strong>recipi</strong></span> <span class='ocrx_word' id='word_1_115' title='bbox 701 1608 737 1662; x_wconf 88' lang='lat' dir='ltr'><strong>ab</strong></span> <span class='ocrx_word' id='word_1_116' title='bbox 759 1608 972 1665; x_wconf 76' lang='lat' dir='ltr'><strong>recentioribus</strong></span> <span class='ocrx_word' id='word_1_117' title='bbox 997 1612 1114 1671; x_wconf 74' lang='lat' dir='ltr'><strong>Cautus</strong></span> <span class='ocrx_word' id='word_1_118' title='bbox 1133 1617 1221 1691; x_wconf 69' lang='lat' dir='ltr'><strong>magis</strong></span> 
     </span>
     <span class='ocr_line' id='line_1_14' title="bbox 185 1698 1220 1776; baseline 0.004 -23"><span class='ocrx_word' id='word_1_119' title='bbox 185 1710 244 1754; x_wconf 87' lang='lat' dir='ltr'><strong>erat</strong></span> <span class='ocrx_word' id='word_1_120' title='bbox 265 1700 324 1772; x_wconf 87' lang='lat' dir='ltr'><strong>ipse</strong></span> <span class='ocrx_word' id='word_1_121' title='bbox 339 1698 508 1753; x_wconf 86' lang='lat' dir='ltr'><strong>Gronovius.</strong></span> <span class='ocrx_word' id='word_1_122' title='bbox 529 1730 568 1740; x_wconf 90' lang='lat'>-</span> <span class='ocrx_word' id='word_1_123' title='bbox 587 1700 651 1772; x_wconf 88' lang='lat' dir='ltr'><strong>Seq.</strong></span> <span class='ocrx_word' id='word_1_124' title='bbox 672 1717 699 1752; x_wconf 81' lang='lat' dir='ltr'><strong>v.</strong></span> <span class='ocrx_word' id='word_1_125' title='bbox 720 1698 858 1754; x_wconf 81' lang='lat' dir='ltr'><strong>laboribus</strong></span> <span class='ocrx_word' id='word_1_126' title='bbox 875 1710 917 1755; x_wconf 87' lang='lat' dir='ltr'><strong>est</strong></span> <span class='ocrx_word' id='word_1_127' title='bbox 936 1700 1151 1776; x_wconf 72' lang='lat' dir='ltr'><strong>incommodis,</strong></span> <span class='ocrx_word' id='word_1_128' title='bbox 1170 1707 1220 1763; x_wconf 73' lang='lat' dir='ltr'><strong>da-</strong></span> 
     </span>
     <span class='ocr_line' id='line_1_15' title="bbox 184 1790 474 1858; baseline 0.01 -14"><span class='ocrx_word' id='word_1_129' title='bbox 184 1790 270 1858; x_wconf 83' lang='lat' dir='ltr'><strong>mnis3</strong></span> <span class='ocrx_word' id='word_1_130' title='bbox 290 1790 346 1844; x_wconf 86' lang='lat' dir='ltr'><strong>vid.</strong></span> <span class='ocrx_word' id='word_1_131' title='bbox 360 1792 474 1847; x_wconf 78' lang='lat' dir='ltr'><strong>Mam..</strong></span> 
     </span>
    </p>

    <p class='ocr_par' dir='ltr' id='par_1_7' title="bbox 186 1877 1217 2138">
     <span class='ocr_line' id='line_1_16' title="bbox 224 1877 1217 1960; baseline 0.009 -25"><span class='ocrx_word' id='word_1_132' title='bbox 224 1882 371 1954; x_wconf 69' lang='lat' dir='ltr'><strong>tampade</strong></span> <span class='ocrx_word' id='word_1_133' title='bbox 378 1882 472 1952; x_wconf 70' lang='lat' dir='ltr'><strong>puina</strong></span> <span class='ocrx_word' id='word_1_134' title='bbox 481 1877 519 1956; x_wconf 83' lang='lat' dir='ltr'><strong>(v.</strong></span> <span class='ocrx_word' id='word_1_135' title='bbox 528 1878 585 1957; x_wconf 82' lang='lat'><strong>59).</strong></span> <span class='ocrx_word' id='word_1_136' title='bbox 600 1882 644 1935; x_wconf 74' lang='grc' dir='ltr'><strong>«Ι.</strong></span> <span class='ocrx_word' id='word_1_137' title='bbox 655 1900 678 1935; x_wconf 92' lang='lat' dir='ltr'><strong>e.</strong></span> <span class='ocrx_word' id='word_1_138' title='bbox 693 1881 872 1955; x_wconf 83' lang='lat' dir='ltr'><strong>simulatque</strong></span> <span class='ocrx_word' id='word_1_139' title='bbox 887 1881 960 1937; x_wconf 71' lang='lat' dir='ltr'><strong>festae</strong></span> <span class='ocrx_word' id='word_1_140' title='bbox 972 1884 1090 1957; x_wconf 84' lang='lat' dir='ltr'><strong>nuptiis</strong></span> <span class='ocrx_word' id='word_1_141' title='bbox 1104 1886 1217 1960; x_wconf 79' lang='lat' dir='ltr'><strong>ejusia·</strong></span> 
     </span>
     <span class='ocr_line' id='line_1_17' title="bbox 186 1955 1217 2053; baseline 0.008 -26"><span class='ocrx_word' id='word_1_142' title='bbox 186 1992 230 2028; x_wconf 88' lang='lat' dir='ltr'><strong>ces</strong></span> <span class='ocrx_word' id='word_1_143' title='bbox 237 1974 404 2030; x_wconf 82' lang='lat' dir='ltr'><strong>extollentur</strong></span> <span class='ocrx_word' id='word_1_144' title='bbox 413 1991 420 2025; x_wconf 79' lang='lat' dir='ltr'><strong>t</strong></span> <span class='ocrx_word' id='word_1_145' title='bbox 430 1955 488 2027; x_wconf 88' lang='lat' dir='ltr'><strong>sine</strong></span> <span class='ocrx_word' id='word_1_146' title='bbox 497 1983 626 2046; x_wconf 89' lang='lat' dir='ltr'><strong>respectu</strong></span> <span class='ocrx_word' id='word_1_147' title='bbox 638 1973 675 2028; x_wconf 87' lang='lat' dir='ltr'><strong>ad</strong></span> <span class='ocrx_word' id='word_1_148' title='bbox 688 1972 823 2029; x_wconf 88' lang='lat' dir='ltr'><strong>secundas</strong></span> <span class='ocrx_word' id='word_1_149' title='bbox 836 1973 957 2046; x_wconf 64' lang='lat' dir='ltr'><strong>nuptiae</strong></span> <span class='ocrx_word' id='word_1_150' title='bbox 965 1997 979 2025; x_wconf 85' lang='lat'><strong>»</strong></span> <span class='ocrx_word' id='word_1_151' title='bbox 988 1977 1146 2053; x_wconf 78' lang='lat' dir='ltr'><strong>Gaon.‚p.</strong></span> <span class='ocrx_word' id='word_1_152' title='bbox 1155 1978 1217 2053; x_wconf 77' lang='lat' dir='ltr'><strong>adp,</strong></span> 
     </span>
     <span class='ocr_line' id='line_1_18' title="bbox 186 2063 954 2138; baseline 0.001 -20"><span class='ocrx_word' id='word_1_153' title='bbox 186 2064 235 2136; x_wconf 90' lang='lat' dir='ltr'><strong>qui</strong></span> <span class='ocrx_word' id='word_1_154' title='bbox 247 2084 262 2119; x_wconf 87' lang='lat' dir='ltr'><strong>e</strong></span> <span class='ocrx_word' id='word_1_155' title='bbox 274 2074 422 2136; x_wconf 86' lang='lat' dir='ltr'><strong>poetarum</strong></span> <span class='ocrx_word' id='word_1_156' title='bbox 436 2063 544 2119; x_wconf 87' lang='lat' dir='ltr'><strong>ratione</strong></span> <span class='ocrx_word' id='word_1_157' title='bbox 552 2065 689 2138; x_wconf 91' lang='lat' dir='ltr'><strong>loquendi</strong></span> <span class='ocrx_word' id='word_1_158' title='bbox 702 2066 759 2121; x_wconf 92' lang='lat' dir='ltr'><strong>hoc</strong></span> <span class='ocrx_word' id='word_1_159' title='bbox 773 2063 954 2120; x_wconf 87' lang='lat' dir='ltr'><strong>demonstrat.</strong></span> 
     </span>
    </p>

    <p class='ocr_par' dir='ltr' id='par_1_8' title="bbox 184 2155 1218 2499">
     <span class='ocr_line' id='line_1_19' title="bbox 224 2155 1218 2230; baseline -0.003 -19"><span class='ocrx_word' id='word_1_160' title='bbox 224 2158 314 2211; x_wconf 78' lang='lat' dir='ltr'><strong>Canu.</strong></span> <span class='ocrx_word' id='word_1_161' title='bbox 329 2157 379 2210; x_wconf 82' lang='lat' dir='ltr'><strong>lx.</strong></span> <span class='ocrx_word' id='word_1_162' title='bbox 396 2155 468 2211; x_wconf 85' lang='lat' dir='ltr'><strong>cod.</strong></span> <span class='ocrx_word' id='word_1_163' title='bbox 482 2156 600 2230; x_wconf 80' lang='lat' dir='ltr'><strong>Rhedig.</strong></span> <span class='ocrx_word' id='word_1_164' title='bbox 616 2177 622 2210; x_wconf 90' lang='lat'>:</span> <span class='ocrx_word' id='word_1_165' title='bbox 637 2156 875 2228; x_wconf 82' lang='lat' dir='ltr'><strong>chdecasyiiabi</strong></span> <span class='ocrx_word' id='word_1_166' title='bbox 876 2155 971 2225; x_wconf 81' lang='lat' dir='ltr'><strong>jocosi</strong></span> <span class='ocrx_word' id='word_1_167' title='bbox 985 2158 1032 2212; x_wconf 82' lang='lat' dir='ltr'><strong>ad</strong></span> <span class='ocrx_word' id='word_1_168' title='bbox 1047 2160 1098 2217; x_wconf 80' lang='lat' dir='ltr'><strong>Pl.</strong></span> <span class='ocrx_word' id='word_1_169' title='bbox 1122 2165 1218 2219; x_wconf 75' lang='lat' dir='ltr'><strong>Gr.-</strong></span> 
     </span>
     <span class='ocr_line' id='line_1_20' title="bbox 184 2245 1216 2309; baseline 0.012 -11"><span class='ocrx_word' id='word_1_170' title='bbox 184 2270 196 2293; x_wconf 73' lang='grc' dir='ltr'>ι</span> <span class='ocrx_word' id='word_1_171' title='bbox 210 2245 280 2299; x_wconf 83' lang='lat' dir='ltr'><strong>Mihi</strong></span> <span class='ocrx_word' id='word_1_172' title='bbox 292 2246 404 2300; x_wconf 83' lang='lat' dir='ltr'><strong>videtur</strong></span> <span class='ocrx_word' id='word_1_173' title='bbox 419 2247 475 2302; x_wconf 92' lang='lat' dir='ltr'><strong>hoc</strong></span> <span class='ocrx_word' id='word_1_174' title='bbox 488 2265 600 2301; x_wconf 85' lang='lat' dir='ltr'><strong>carmen</strong></span> <span class='ocrx_word' id='word_1_175' title='bbox 613 2246 750 2301; x_wconf 80' lang='lat' dir='ltr'><strong>amulatio</strong></span> <span class='ocrx_word' id='word_1_176' title='bbox 764 2246 919 2302; x_wconf 72' lang='lat' dir='ltr'><strong>Catulliana</strong></span> <span class='ocrx_word' id='word_1_177' title='bbox 933 2265 941 2300; x_wconf 71' lang='grc' dir='ltr'><strong><em>ι</em></strong></span> <span class='ocrx_word' id='word_1_178' title='bbox 954 2264 1024 2303; x_wconf 86' lang='lat' dir='ltr'><strong>narn</strong></span> <span class='ocrx_word' id='word_1_179' title='bbox 1041 2260 1073 2305; x_wconf 86' lang='lat' dir='ltr'><strong>et</strong></span> <span class='ocrx_word' id='word_1_180' title='bbox 1092 2252 1216 2309; x_wconf 76' lang='lat' dir='ltr'><strong>Catullus</strong></span> 
     </span>
     <span class='ocr_line' id='line_1_21' title="bbox 184 2336 1216 2412; baseline 0.006 -21"><span class='ocrx_word' id='word_1_181' title='bbox 184 2336 283 2392; x_wconf 87' lang='lat' dir='ltr'><strong>eodem</strong></span> <span class='ocrx_word' id='word_1_182' title='bbox 296 2347 460 2411; x_wconf 77' lang='lat' dir='ltr'><strong>argumento</strong></span> <span class='ocrx_word' id='word_1_183' title='bbox 474 2338 504 2391; x_wconf 94' lang='lat' dir='ltr'><strong>in</strong></span> <span class='ocrx_word' id='word_1_184' title='bbox 518 2339 634 2393; x_wconf 84' lang='lat' dir='ltr'><strong>Calvum</strong></span> <span class='ocrx_word' id='word_1_185' title='bbox 653 2337 846 2412; x_wconf 89' lang='lat' dir='ltr'><strong>conqueritur,</strong></span> <span class='ocrx_word' id='word_1_186' title='bbox 860 2336 942 2411; x_wconf 88' lang='lat' dir='ltr'><strong>quod</strong></span> <span class='ocrx_word' id='word_1_187' title='bbox 958 2337 1017 2394; x_wconf 88' lang='lat' dir='ltr'><strong>sihi</strong></span> <span class='ocrx_word' id='word_1_188' title='bbox 1033 2340 1148 2400; x_wconf 82' lang='lat' dir='ltr'><strong>librum</strong></span> <span class='ocrx_word' id='word_1_189' title='bbox 1163 2346 1216 2401; x_wconf 81' lang='lat' dir='ltr'><strong>mi-</strong></span> 
     </span>
     <span class='ocr_line' id='line_1_22' title="bbox 184 2424 978 2499; baseline 0.001 -18"><span class='ocrx_word' id='word_1_190' title='bbox 184 2426 249 2481; x_wconf 83' lang='lat' dir='ltr'><strong>serit</strong></span> <span class='ocrx_word' id='word_1_191' title='bbox 261 2424 291 2480; x_wconf 93' lang='lat' dir='ltr'><strong>in</strong></span> <span class='ocrx_word' id='word_1_192' title='bbox 308 2427 504 2482; x_wconf 87' lang='lat' dir='ltr'><strong>Satumalihus</strong></span> <span class='ocrx_word' id='word_1_193' title='bbox 518 2445 572 2498; x_wconf 92' lang='lat' dir='ltr'><strong>pro</strong></span> <span class='ocrx_word' id='word_1_194' title='bbox 585 2444 718 2499; x_wconf 88' lang='lat' dir='ltr'><strong>munere;</strong></span> <span class='ocrx_word' id='word_1_195' title='bbox 732 2447 817 2484; x_wconf 86' lang='lat' dir='ltr'><strong>carm.</strong></span> <span class='ocrx_word' id='word_1_196' title='bbox 831 2446 898 2497; x_wconf 82' lang='lat' dir='ltr'><strong>xrv,</strong></span> <span class='ocrx_word' id='word_1_197' title='bbox 920 2447 953 2499; x_wconf 80' lang='lat'><strong>¹7</strong></span> <span class='ocrx_word' id='word_1_198' title='bbox 969 2447 978 2482; x_wconf 87' lang='lat'>:</span> 
     </span>
    </p>
   </div>
   <div class='ocr_carea' id='block_1_6' title="bbox 319 2597 870 2914">
    <p class='ocr_par' dir='ltr' id='par_1_9' title="bbox 320 2597 870 2745">
     <span class='ocr_line' id='line_1_23' title="bbox 320 2597 870 2663; baseline 0.007 -16"><span class='ocrx_word' id='word_1_199' title='bbox 320 2598 352 2647; x_wconf 88' lang='lat' dir='ltr'><strong>ni</strong></span> <span class='ocrx_word' id='word_1_200' title='bbox 364 2597 453 2663; x_wconf 73' lang='lat' dir='ltr'><strong>magnii</strong></span> <span class='ocrx_word' id='word_1_201' title='bbox 466 2597 604 2648; x_wconf 87' lang='lat' dir='ltr'><strong>horribilem</strong></span> <span class='ocrx_word' id='word_1_202' title='bbox 614 2609 637 2650; x_wconf 85' lang='lat' dir='ltr'><strong>et</strong></span> <span class='ocrx_word' id='word_1_203' title='bbox 648 2615 740 2650; x_wconf 75' lang='lat' dir='ltr'><strong>sanum</strong></span> <span class='ocrx_word' id='word_1_204' title='bbox 752 2601 870 2662; x_wconf 84' lang='lat' dir='ltr'><strong>libellum,</strong></span> 
     </span>
     <span class='ocr_line' id='line_1_24' title="bbox 321 2681 785 2745; baseline 0.009 -15"><span class='ocrx_word' id='word_1_205' title='bbox 321 2685 397 2745; x_wconf 86' lang='lat' dir='ltr'><strong>Quem</strong></span> <span class='ocrx_word' id='word_1_206' title='bbox 408 2691 434 2731; x_wconf 93' lang='lat' dir='ltr'><strong>tu</strong></span> <span class='ocrx_word' id='word_1_207' title='bbox 445 2681 532 2732; x_wconf 86' lang='lat' dir='ltr'><strong>scillcet</strong></span> <span class='ocrx_word' id='word_1_208' title='bbox 543 2682 575 2733; x_wconf 86' lang='lat' dir='ltr'><strong>ad</strong></span> <span class='ocrx_word' id='word_1_209' title='bbox 587 2691 654 2733; x_wconf 83' lang='lat' dir='ltr'><strong>tuum</strong></span> <span class='ocrx_word' id='word_1_210' title='bbox 667 2684 785 2734; x_wconf 79' lang='lat' dir='ltr'><strong>Cattdlum</strong></span> 
     </span>
    </p>

    <p class='ocr_par' dir='ltr' id='par_1_10' title="bbox 319 2763 724 2914">
     <span class='ocr_line' id='line_1_25' title="bbox 322 2763 713 2831; baseline 0.008 -19"><span class='ocrx_word' id='word_1_211' title='bbox 322 2763 388 2813; x_wconf 78' lang='lat' dir='ltr'><strong>Mitti</strong></span> <span class='ocrx_word' id='word_1_212' title='bbox 398 2763 524 2824; x_wconf 86' lang='lat' dir='ltr'><strong>continuo,</strong></span> <span class='ocrx_word' id='word_1_213' title='bbox 535 2775 562 2814; x_wconf 88' lang='lat' dir='ltr'><strong>nt</strong></span> <span class='ocrx_word' id='word_1_214' title='bbox 575 2763 614 2814; x_wconf 86' lang='lat' dir='ltr'><strong>dic</strong></span> <span class='ocrx_word' id='word_1_215' title='bbox 624 2764 713 2831; x_wconf 80' lang='lat' dir='ltr'><strong>periret</strong></span> 
     </span>
     <span class='ocr_line' id='line_1_26' title="bbox 319 2845 724 2914; baseline 0.017 -22"><span class='ocrx_word' id='word_1_216' title='bbox 319 2846 491 2908; x_wconf 86' lang='lat' dir='ltr'><strong>Satumalibus,</strong></span> <span class='ocrx_word' id='word_1_217' title='bbox 502 2845 592 2914; x_wconf 85' lang='lat' dir='ltr'><strong>optino</strong></span> <span class='ocrx_word' id='word_1_218' title='bbox 604 2846 703 2899; x_wconf 78' lang='lat' dir='ltr'><strong>dierum</strong></span> <span class='ocrx_word' id='word_1_219' title='bbox 711 2871 724 2890; x_wconf 86' lang='lat'><strong>·</strong></span> 
     </span>
    </p>
   </div>
   <div class='ocr_carea' id='block_1_7' title="bbox 182 3012 1217 3542">
    <p class='ocr_par' dir='ltr' id='par_1_11' title="bbox 182 3012 1217 3542">
     <span class='ocr_line' id='line_1_27' title="bbox 184 3012 1217 3095; baseline 0.019 -31"><span class='ocrx_word' id='word_1_220' title='bbox 184 3012 291 3066; x_wconf 78' lang='lat' dir='ltr'><strong>Dourr.</strong></span> <span class='ocrx_word' id='word_1_221' title='bbox 305 3042 344 3052; x_wconf 91' lang='lat'>—</span> <span class='ocrx_word' id='word_1_222' title='bbox 356 3013 430 3068; x_wconf 79' lang='lat' dir='ltr'><strong>«Hic</strong></span> <span class='ocrx_word' id='word_1_223' title='bbox 444 3014 550 3070; x_wconf 80' lang='lat' dir='ltr'><strong>Plotius</strong></span> <span class='ocrx_word' id='word_1_224' title='bbox 564 3015 695 3090; x_wconf 66' lang='lat' dir='ltr'><strong>Gophna</strong></span> <span class='ocrx_word' id='word_1_225' title='bbox 708 3014 768 3092; x_wconf 87' lang='lat' dir='ltr'><strong>(seu</strong></span> <span class='ocrx_word' id='word_1_226' title='bbox 783 3016 905 3090; x_wconf 74' lang='lat' dir='ltr'><strong>Gn&#39;ppm</strong></span> <span class='ocrx_word' id='word_1_227' title='bbox 913 3056 924 3085; x_wconf 89' lang='lat'><em>,</em></span> <span class='ocrx_word' id='word_1_228' title='bbox 938 3036 990 3075; x_wconf 84' lang='lat' dir='ltr'><strong>seu</strong></span> <span class='ocrx_word' id='word_1_229' title='bbox 1004 3020 1155 3095; x_wconf 60' lang='lat' dir='ltr'><strong>ankn,</strong></span> <span class='ocrx_word' id='word_1_230' title='bbox 1166 3045 1217 3083; x_wconf 81' lang='lat' dir='ltr'><strong>sen</strong></span> 
     </span>
     <span class='ocr_line' id='line_1_28' title="bbox 184 3105 1216 3186; baseline 0.016 -29"><span class='ocrx_word' id='word_1_231' title='bbox 184 3120 363 3177; x_wconf 87' lang='lat' dir='ltr'><strong>quocumque</strong></span> <span class='ocrx_word' id='word_1_232' title='bbox 375 3106 489 3160; x_wconf 87' lang='lat' dir='ltr'><strong>nomine</strong></span> <span class='ocrx_word' id='word_1_233' title='bbox 504 3105 619 3182; x_wconf 81' lang='lat' dir='ltr'><strong>gaudet)</strong></span> <span class='ocrx_word' id='word_1_234' title='bbox 633 3108 681 3162; x_wconf 80' lang='lat' dir='ltr'><strong>vix</strong></span> <span class='ocrx_word' id='word_1_235' title='bbox 694 3107 769 3162; x_wconf 86' lang='lat' dir='ltr'><strong>idern</strong></span> <span class='ocrx_word' id='word_1_236' title='bbox 789 3126 847 3163; x_wconf 89' lang='lat' dir='ltr'><strong>esse</strong></span> <span class='ocrx_word' id='word_1_237' title='bbox 859 3119 968 3181; x_wconf 79' lang='lat' dir='ltr'><strong>potest,</strong></span> <span class='ocrx_word' id='word_1_238' title='bbox 983 3111 1039 3185; x_wconf 83' lang='lat' dir='ltr'><strong>qui</strong></span> <span class='ocrx_word' id='word_1_239' title='bbox 1055 3114 1139 3186; x_wconf 82' lang='lat' dir='ltr'><strong>apud</strong></span> <span class='ocrx_word' id='word_1_240' title='bbox 1158 3120 1216 3175; x_wconf 83' lang='lat' dir='ltr'><strong>Ta-</strong></span> 
     </span>
     <span class='ocr_line' id='line_1_29' title="bbox 184 3193 1215 3274; baseline 0.019 -28"><span class='ocrx_word' id='word_1_241' title='bbox 184 3193 284 3262; x_wconf 92' lang='lat' dir='ltr'><strong>citum,</strong></span> <span class='ocrx_word' id='word_1_242' title='bbox 298 3196 369 3249; x_wconf 86' lang='lat' dir='ltr'><strong>Hist.</strong></span> <span class='ocrx_word' id='word_1_243' title='bbox 384 3215 422 3250; x_wconf 87' lang='lat' dir='ltr'><strong>nr</strong></span> <span class='ocrx_word' id='word_1_244' title='bbox 437 3207 464 3250; x_wconf 90' lang='lat' dir='ltr'><strong>et</strong></span> <span class='ocrx_word' id='word_1_245' title='bbox 477 3216 520 3266; x_wconf 78' lang='grc' dir='ltr'><strong>ιν,</strong></span> <span class='ocrx_word' id='word_1_246' title='bbox 534 3199 657 3253; x_wconf 90' lang='lat' dir='ltr'><strong>occurrit</strong></span> <span class='ocrx_word' id='word_1_247' title='bbox 671 3218 678 3252; x_wconf 75' lang='grc' dir='ltr'>ι</span> <span class='ocrx_word' id='word_1_248' title='bbox 693 3199 799 3272; x_wconf 91' lang='lat' dir='ltr'><strong>quippe</strong></span> <span class='ocrx_word' id='word_1_249' title='bbox 812 3199 1007 3274; x_wconf 74' lang='lat' dir='ltr'><strong>isteGryphns</strong></span> <span class='ocrx_word' id='word_1_250' title='bbox 1019 3203 1149 3263; x_wconf 76' lang='lat' dir='ltr'><strong>honores</strong></span> <span class='ocrx_word' id='word_1_251' title='bbox 1160 3210 1215 3265; x_wconf 80' lang='lat' dir='ltr'><strong>tuh</strong></span> 
     </span>
     <span class='ocr_line' id='line_1_30' title="bbox 183 3285 1212 3377; baseline 0.017 -41"><span class='ocrx_word' id='word_1_252' title='bbox 183 3285 353 3356; x_wconf 79' lang='lat' dir='ltr'><strong>Vespasiano</strong></span> <span class='ocrx_word' id='word_1_253' title='bbox 367 3299 503 3361; x_wconf 82' lang='lat' dir='ltr'><strong>gesserat;</strong></span> <span class='ocrx_word' id='word_1_254' title='bbox 516 3289 561 3343; x_wconf 91' lang='lat' dir='ltr'><strong>hic</strong></span> <span class='ocrx_word' id='word_1_255' title='bbox 579 3309 646 3345; x_wconf 88' lang='lat' dir='ltr'><strong>vero</strong></span> <span class='ocrx_word' id='word_1_256' title='bbox 661 3289 770 3359; x_wconf 63' lang='lat' dir='ltr'><strong>juventi</strong></span> <span class='ocrx_word' id='word_1_257' title='bbox 787 3301 859 3360; x_wconf 87' lang='lat' dir='ltr'><strong>crat,</strong></span> <span class='ocrx_word' id='word_1_258' title='bbox 879 3292 999 3364; x_wconf 84' lang='lat' dir='ltr'><strong>quando</strong></span> <span class='ocrx_word' id='word_1_259' title='bbox 1021 3296 1212 3377; x_wconf 69' lang='lat' dir='ltr'><strong>hadmyl-</strong></span> 
     </span>
     <span class='ocr_line' id='line_1_31' title="bbox 182 3373 1211 3449; baseline 0.023 -23"><span class='ocrx_word' id='word_1_260' title='bbox 182 3373 260 3427; x_wconf 85' lang='lat' dir='ltr'><strong>labos</strong></span> <span class='ocrx_word' id='word_1_261' title='bbox 274 3393 336 3428; x_wconf 89' lang='lat' dir='ltr'><strong>eum</strong></span> <span class='ocrx_word' id='word_1_262' title='bbox 351 3378 440 3432; x_wconf 85' lang='lat' dir='ltr'><strong>Statio</strong></span> <span class='ocrx_word' id='word_1_263' title='bbox 453 3379 521 3433; x_wconf 88' lang='lat' dir='ltr'><strong>risit.</strong></span> <span class='ocrx_word' id='word_1_264' title='bbox 536 3381 640 3436; x_wconf 87' lang='lat' dir='ltr'><strong>Noster</strong></span> <span class='ocrx_word' id='word_1_265' title='bbox 654 3381 769 3439; x_wconf 82' lang='lat' dir='ltr'><strong>fortasse</strong></span> <span class='ocrx_word' id='word_1_266' title='bbox 782 3393 842 3438; x_wconf 87' lang='lat' dir='ltr'><strong>erat</strong></span> <span class='ocrx_word' id='word_1_267' title='bbox 854 3380 927 3439; x_wconf 76' lang='lat' dir='ltr'><strong>filius</strong></span> <span class='ocrx_word' id='word_1_268' title='bbox 940 3384 1016 3442; x_wconf 82' lang='lat' dir='ltr'><strong>illius</strong></span> <span class='ocrx_word' id='word_1_269' title='bbox 1029 3405 1038 3442; x_wconf 75' lang='grc' dir='ltr'><strong><em>ε</em></strong></span> <span class='ocrx_word' id='word_1_270' title='bbox 1051 3398 1083 3443; x_wconf 86' lang='lat' dir='ltr'><strong>et</strong></span> <span class='ocrx_word' id='word_1_271' title='bbox 1096 3390 1140 3447; x_wconf 83' lang='lat' dir='ltr'><strong>ita</strong></span> <span class='ocrx_word' id='word_1_272' title='bbox 1146 3410 1211 3449; x_wconf 76' lang='lat' dir='ltr'><strong>aert-</strong></span> 
     </span>
     <span class='ocr_line' id='line_1_32' title="bbox 183 3460 1107 3542; baseline 0.024 -26"><span class='ocrx_word' id='word_1_273' title='bbox 183 3460 233 3517; x_wconf 88' lang='lat' dir='ltr'><strong>tire</strong></span> <span class='ocrx_word' id='word_1_274' title='bbox 244 3462 301 3535; x_wconf 87' lang='lat' dir='ltr'><strong>jam</strong></span> <span class='ocrx_word' id='word_1_275' title='bbox 316 3465 399 3521; x_wconf 85' lang='lat' dir='ltr'><strong>video</strong></span> <span class='ocrx_word' id='word_1_276' title='bbox 415 3469 610 3542; x_wconf 82' lang='lat' dir='ltr'><strong>Dodwellum‚</strong></span> <span class='ocrx_word' id='word_1_277' title='bbox 624 3475 729 3528; x_wconf 75' lang='lat' dir='ltr'><strong>Annei.</strong></span> <span class='ocrx_word' id='word_1_278' title='bbox 744 3473 831 3540; x_wconf 80' lang='lat' dir='ltr'><strong>Stat,</strong></span> <span class='ocrx_word' id='word_1_279' title='bbox 846 3492 870 3528; x_wconf 91' lang='lat' dir='ltr'><strong>c.</strong></span> <span class='ocrx_word' id='word_1_280' title='bbox 885 3492 942 3530; x_wconf 76' lang='lat' dir='ltr'><strong>arv.</strong></span> <span class='ocrx_word' id='word_1_281' title='bbox 955 3498 969 3526; x_wconf 85' lang='lat'><strong>»</strong></span> <span class='ocrx_word' id='word_1_282' title='bbox 981 3478 1107 3537; x_wconf 71' lang='lat' dir='ltr'><strong>Maur.</strong></span> 
     </span>
    </p>
   </div>
   <div class='ocr_carea' id='block_1_8' title="bbox 181 3570 1213 3840">
    <p class='ocr_par' dir='ltr' id='par_1_12' title="bbox 181 3570 1213 3840">
     <span class='ocr_line' id='line_1_33' title="bbox 224 3570 1212 3663; baseline 0.016 -41"><span class='ocrx_word' id='word_1_283' title='bbox 224 3570 260 3623; x_wconf 87' lang='lat' dir='ltr'><strong>Tc</strong></span> <span class='ocrx_word' id='word_1_284' title='bbox 269 3571 446 3626; x_wconf 74' lang='lat' dir='ltr'><strong>Gemanicus</strong></span> <span class='ocrx_word' id='word_1_285' title='bbox 455 3574 587 3630; x_wconf 67' lang='lat' dir='ltr'><strong>othuram</strong></span> <span class='ocrx_word' id='word_1_286' title='bbox 595 3578 722 3651; x_wconf 85' lang='lat' dir='ltr'><strong>sequenti</strong></span> <span class='ocrx_word' id='word_1_287' title='bbox 728 3576 983 3656; x_wconf 75' lang='lat' dir='ltr'><strong>Annonoededit(r.</strong></span> <span class='ocrx_word' id='word_1_288' title='bbox 1004 3582 1212 3663; x_wconf 71' lang='lat' dir='ltr'><strong>17).«Seqms</strong></span> 
     </span>
     <span class='ocr_line' id='line_1_34' title="bbox 181 3660 1213 3750; baseline 0.018 -39"><span class='ocrx_word' id='word_1_289' title='bbox 181 3676 293 3713; x_wconf 79' lang='lat' dir='ltr'><strong>annona</strong></span> <span class='ocrx_word' id='word_1_290' title='bbox 301 3670 341 3715; x_wconf 92' lang='lat' dir='ltr'><strong>est</strong></span> <span class='ocrx_word' id='word_1_291' title='bbox 349 3660 448 3732; x_wconf 80' lang='lat' dir='ltr'><strong>facilis,</strong></span> <span class='ocrx_word' id='word_1_292' title='bbox 456 3665 625 3739; x_wconf 84' lang='lat' dir='ltr'><strong>obsequens,</strong></span> <span class='ocrx_word' id='word_1_293' title='bbox 635 3667 769 3725; x_wconf 88' lang='lat' dir='ltr'><strong>obediens</strong></span> <span class='ocrx_word' id='word_1_294' title='bbox 775 3668 954 3742; x_wconf 87' lang='lat' dir='ltr'><strong>procuratori</strong></span> <span class='ocrx_word' id='word_1_295' title='bbox 960 3671 1091 3732; x_wconf 62' lang='lat' dir='ltr'><strong>Plotina</strong></span> <span class='ocrx_word' id='word_1_296' title='bbox 1100 3678 1213 3750; x_wconf 57' lang='lat' dir='ltr'><strong>utor„</strong></span> 
     </span>
     <span class='ocr_line' id='line_1_35' title="bbox 182 3750 1056 3840; baseline 0.023 -38"><span class='ocrx_word' id='word_1_297' title='bbox 182 3750 232 3823; x_wconf 90' lang='lat' dir='ltr'><strong>qui</strong></span> <span class='ocrx_word' id='word_1_298' title='bbox 245 3751 327 3806; x_wconf 87' lang='lat' dir='ltr'><strong>docte</strong></span> <span class='ocrx_word' id='word_1_299' title='bbox 342 3753 377 3809; x_wconf 89' lang='lat' dir='ltr'><strong>de</strong></span> <span class='ocrx_word' id='word_1_300' title='bbox 396 3757 451 3811; x_wconf 90' lang='lat' dir='ltr'><strong>hoc</strong></span> <span class='ocrx_word' id='word_1_301' title='bbox 463 3776 516 3813; x_wconf 88' lang='lat' dir='ltr'><strong>usu</strong></span> <span class='ocrx_word' id='word_1_302' title='bbox 530 3758 607 3815; x_wconf 85' lang='lat' dir='ltr'><strong>vocis</strong></span> <span class='ocrx_word' id='word_1_303' title='bbox 619 3761 700 3834; x_wconf 81' lang='lat' dir='ltr'><strong>sequi</strong></span> <span class='ocrx_word' id='word_1_304' title='bbox 711 3762 858 3835; x_wconf 82' lang='lat' dir='ltr'><strong>exposuit,</strong></span> <span class='ocrx_word' id='word_1_305' title='bbox 870 3780 899 3834; x_wconf 94' lang='lat' dir='ltr'><strong>p.</strong></span> <span class='ocrx_word' id='word_1_306' title='bbox 915 3762 971 3837; x_wconf 79' lang='lat'><strong>296</strong></span> <span class='ocrx_word' id='word_1_307' title='bbox 987 3782 1056 3840; x_wconf 79' lang='lat' dir='ltr'><strong>sqq.</strong></span> 
     </span>
    </p>
   </div>
   <div class='ocr_carea' id='block_1_9' title="bbox 123 3855 1215 4124">
    <p class='ocr_par' dir='ltr' id='par_1_13' title="bbox 123 3855 1215 4124">
     <span class='ocr_line' id='line_1_36' title="bbox 224 3855 1214 3945; baseline 0.028 -38"><span class='ocrx_word' id='word_1_308' title='bbox 224 3855 305 3910; x_wconf 77' lang='lat' dir='ltr'><strong>Bruti</strong></span> <span class='ocrx_word' id='word_1_309' title='bbox 323 3860 395 3913; x_wconf 79' lang='lat' dir='ltr'><strong>senis</strong></span> <span class='ocrx_word' id='word_1_310' title='bbox 417 3862 590 3918; x_wconf 78' lang='lat' dir='ltr'><strong>oscitationes</strong></span> <span class='ocrx_word' id='word_1_311' title='bbox 607 3861 645 3940; x_wconf 87' lang='lat' dir='ltr'><strong>(v.</strong></span> <span class='ocrx_word' id='word_1_312' title='bbox 661 3863 718 3942; x_wconf 86' lang='lat' dir='ltr'><strong>ao).</strong></span> <span class='ocrx_word' id='word_1_313' title='bbox 742 3866 918 3941; x_wconf 74' lang='lat' dir='ltr'><strong>«intelligere</strong></span> <span class='ocrx_word' id='word_1_314' title='bbox 937 3865 1056 3926; x_wconf 76' lang='lat' dir='ltr'><strong>videon</strong></span> <span class='ocrx_word' id='word_1_315' title='bbox 1071 3872 1214 3945; x_wconf 80' lang='lat' dir='ltr'><strong>Bmtm,</strong></span> 
     </span>
     <span class='ocr_line' id='line_1_37' title="bbox 123 3943 1214 4023; baseline 0.027 -29"><span class='ocrx_word' id='word_1_316' title='bbox 123 3984 128 3993; x_wconf 91' lang='lat'><strong>.</strong></span> <span class='ocrx_word' id='word_1_317' title='bbox 183 3943 233 4017; x_wconf 84' lang='lat' dir='ltr'><strong>qni</strong></span> <span class='ocrx_word' id='word_1_318' title='bbox 245 3945 275 3999; x_wconf 90' lang='lat' dir='ltr'><strong>in</strong></span> <span class='ocrx_word' id='word_1_319' title='bbox 287 3945 463 4022; x_wconf 89' lang='lat' dir='ltr'><strong>philosophia</strong></span> <span class='ocrx_word' id='word_1_320' title='bbox 478 3963 589 4008; x_wconf 87' lang='lat' dir='ltr'><strong>secutus</strong></span> <span class='ocrx_word' id='word_1_321' title='bbox 603 3965 645 4009; x_wconf 86' lang='lat' dir='ltr'><strong>est</strong></span> <span class='ocrx_word' id='word_1_322' title='bbox 656 3957 828 4013; x_wconf 80' lang='lat' dir='ltr'><strong>Antiochum</strong></span> <span class='ocrx_word' id='word_1_323' title='bbox 841 3956 1034 4015; x_wconf 77' lang='lat' dir='ltr'><strong>Ascalonittna</strong></span> <span class='ocrx_word' id='word_1_324' title='bbox 1043 3972 1075 4019; x_wconf 84' lang='lat' dir='ltr'><strong>et</strong></span> <span class='ocrx_word' id='word_1_325' title='bbox 1086 3964 1214 4023; x_wconf 72' lang='lat' dir='ltr'><strong>vetera</strong></span> 
     </span>
     <span class='ocr_line' id='line_1_38' title="bbox 181 4036 1215 4124; baseline 0.023 -33"><span class='ocrx_word' id='word_1_326' title='bbox 181 4036 371 4109; x_wconf 75' lang='lat' dir='ltr'><strong>Academiam,</strong></span> <span class='ocrx_word' id='word_1_327' title='bbox 384 4043 574 4118; x_wconf 75' lang='lat' dir='ltr'><strong>Antiochique</strong></span> <span class='ocrx_word' id='word_1_328' title='bbox 587 4045 699 4102; x_wconf 75' lang='lat' dir='ltr'><strong>fratrem</strong></span> <span class='ocrx_word' id='word_1_329' title='bbox 712 4048 898 4124; x_wconf 75' lang='lat' dir='ltr'><strong>Emphyliunn</strong></span> <span class='ocrx_word' id='word_1_330' title='bbox 907 4074 920 4101; x_wconf 76' lang='grc' dir='ltr'><strong>ι</strong></span> <span class='ocrx_word' id='word_1_331' title='bbox 932 4050 1048 4109; x_wconf 68' lang='lat' dir='ltr'><strong>Donum</strong></span> <span class='ocrx_word' id='word_1_332' title='bbox 1062 4086 1105 4101; x_wconf 92' lang='lat'>-</span> <span class='ocrx_word' id='word_1_333' title='bbox 1118 4082 1134 4109; x_wconf 77' lang='grc' dir='ltr'>ι</span> <span class='ocrx_word' id='word_1_334' title='bbox 1150 4060 1215 4115; x_wconf 75' lang='lat' dir='ltr'><strong>lion</strong></span> 
     </span>
    </p>
   </div>
   <div class='ocr_carea' id='block_1_10' title="bbox 0 0 1410 5258">
    <p class='ocr_par' dir='ltr' id='par_1_14' title="bbox 0 0 1410 5258">
     <span class='ocr_line' id='line_1_39' title="bbox 0 0 1410 5258; baseline 0 2"><span class='ocrx_word' id='word_1_335' title='bbox 0 0 1410 5258; x_wconf 95' lang='lat' dir='ltr'><strong> </strong></span> 
     </span>
    </p>
   </div>
  </div>
 </body>
</html>
