2812 5258
65 417 97 470 a.
110 416 177 476 sos.)
370 413 581 470 runnunos
603 413 710 468 unua
731 412 779 466 rx.
1042 408 1096 487 159

66 543 218 612 Circuit:
237 539 290 606 hic
308 536 440 605 demum
459 539 565 605 victus
583 561 736 629 suprema
753 535 848 603 fateri

65 660 235 730 Exclamat
254 683 262 725 :
281 655 486 744 «Fluvione,
505 653 627 749 pudet!
646 658 738 724 Mars
757 653 897 748 inclyte,
918 678 1044 748 merges

64 786 159 850 llanc
177 777 341 847 animam?
362 801 543 870 segnesque
561 775 651 845 lacus
667 791 698 845 et
712 791 827 869 stagna
847 775 981 860 subibo,

64 904 134 969 Ceu
152 901 278 992 pecoris
295 913 423 986 custos,
442 899 541 967 subiti
560 898 714 966 torrentis
730 897 851 988 iniquis

66 1022 271 1111 Interceptus
289 1018 405 1110 aquis?
424 1019 549 1086 adeone
569 1017 764 1085 occumbere
784 1015 870 1083 ferro

66 1140 142 1207 Non
161 1137 316 1206 meruit»
334 1138 482 1205 Tandem
501 1137 653 1229 precibus
669 1150 832 1203 commota
848 1138 1031 1203 Tonantem

66 1264 151 1326 Juno
168 1258 255 1325 subit
272 1282 279 1322 :
298 1255 479 1341 «Quonam
497 1255 647 1339 miseros,
667 1269 756 1321 sator
770 1252 889 1347 inclyte
905 1258 1047 1335 Divum,

68 1375 259 1461 Inachidas,
279 1399 423 1466 quonam
442 1397 545 1465 usque
563 1371 712 1466 premes?
726 1373 795 1464 jani
813 1371 920 1442 Pallas
936 1389 969 1443 et
984 1373 1055 1442 odit

66 1495 198 1588 Tydea,
214 1495 282 1586 jam
305 1508 399 1586 rapto
418 1507 591 1563 tacuerunt
610 1517 736 1588 augure
753 1491 884 1586 Delphi.

67 1618 118 1682 En
138 1639 229 1681 meus
247 1612 493 1706 Hippomedon,
514 1615 565 1682 cui
584 1614 690 1706 gentis
708 1614 801 1707 origo
819 1615 966 1705 Mycenae

67 1732 277 1826 Argolicique
298 1732 399 1819 lares,
417 1757 604 1825 numenque
622 1747 698 1801 ante
717 1735 830 1801 omnia
848 1737 951 1818 Juno,

67 1851 135 1945 (Sic
144 1851 215 1946 ‘ego
235 1852 301 1920 fidu
318 1852 440 1944 meisl)
460 1852 567 1946 pelagi
586 1850 773 1920 crudelibus
792 1854 853 1920 ibit

69 1972 182 2039 Praeda
200 1966 295 2039 feris!
314 1985 402 2040 certe
420 1971 582 2058 tumulos,
599 1995 817 2064 supremaque
835 1973 929 2040 victis

71 2094 171 2157 Rusta
189 2088 313 2157 dabas:
331 2090 387 2157 ubi
406 2091 573 2182 Cecropiae
590 2105 665 2183 post
683 2089 798 2183 proelia
819 2089 978 2158 flammae?

68 2209 213 2276 Theseos
234 2210 317 2301 ignis
334 2210 391 2276 ubi
410 2208 482 2276 est?
494 2238 510 2272 n
529 2210 607 2278 Non
628 2211 753 2304 speruit
772 2210 922 2303 conjugis
941 2233 1049 2302 aequas

70 2327 129 2396 llle
147 2353 258 2420 preces
278 2354 285 2393 :
308 2326 486 2420 leviterque
503 2327 617 2396 oculos
636 2328 676 2396 ad
699 2330 818 2397 moenia
837 2327 955 2398 Cadmi

68 2446 225 2533 Rettulit,
243 2461 275 2514 et
295 2448 364 2515 viso
380 2447 536 2515 sederunt
554 2448 691 2516 flumina
711 2463 804 2516 nutu.

117 2565 209 2634 lllius
226 2591 406 2661 exsangues
426 2567 572 2653 humeri,
590 2582 623 2635 et
639 2567 785 2661 perfossa
804 2583 974 2661 patescunt

69 2687 231 2753 Pectora:
250 2711 309 2754 ceu
330 2688 434 2754 ventis
454 2684 517 2752 alte
538 2710 639 2776 quum
658 2684 742 2754 elata
758 2686 878 2754 resedit

69 2806 273 2897 Tempestas,
294 2818 433 2898 surgunt
452 2803 600 2897 scopuli,
616 2805 819 2896 quaesitaque
835 2805 944 2871 nautis

71 2926 190 3011 Terra,
208 2939 240 2991 et
261 2924 302 2991 ab
319 2924 443 2992 infestis
460 2922 661 2991 descendunt
681 2946 812 3014 aeqnora
831 2924 925 2991 saxis.

119 3044 208 3130 Quid
230 3045 317 3137 ripas
337 3045 480 3112 tenuisse
497 3042 612 3136 juvat?
629 3043 749 3136 premit
769 3040 914 3134 undique
934 3042 1046 3108 nimbo

69 3161 224 3230 Telorum
239 3163 407 3231 Phoenissa
424 3164 542 3232 cohors
562 3189 569 3230 :
587 3173 654 3231 nec'
665 3163 809 3255 tegmina
827 3161 980 3229 membris

71 3280 161 3368 Ulla,
180 3283 352 3374 omnisque
369 3296 459 3374 patet
475 3280 542 3351 leto
560 3308 567 3349 :
586 3296 666 3350 tunc
685 3279 822 3350 vulnera
838 3296 987 3368 manant,

70 3400 204 3493 Quique
221 3401 282 3469 sub
304 3425 399 3469 amne
412 3400 468 3468 diu
484 3403 611 3494 stupuit
626 3425 737 3485 cruor,
750 3424 832 3476 aere
851 3400 941 3469 nudo

70 3516 227 3603 Solvitur,
246 3535 278 3587 et
296 3535 411 3589 tenues
429 3544 587 3588 venarum
605 3519 693 3589 laxat
712 3521 837 3606 hiatus,

70 3639 256 3729 Incertique
273 3639 385 3709 labant
402 3640 566 3711 undarum
589 3640 712 3736 frigore
728 3667 866 3737 pessus.

117 3758 328 3845 Procumbit‚
343 3763 460 3831 Getico
479 3760 584 3854 qualis
602 3763 791 3854 procumbit
809 3763 843 3830 in
860 3766 992 3830 Haemo·

70 3880 133 3945 Seu
154 3880 266 3945 Boreae
285 3876 394 3965 furiis,
412 3882 502 3973 putri
519 3905 576 3949 seu
594 3881 715 3950 robore
729 3905 869 3974 quercus

70 3997 161 4066 Coelo
180 3999 281 4067 mixta
301 4022 427 4084 comas,
447 4000 677 4104 ingentemque
696 4025 771 4067 aera
791 4000 888 4067 laxat.
