<?xml version="1.0" encoding="UTF-8"?>
<!DOCTYPE html PUBLIC "-//W3C//DTD XHTML 1.0 Transitional//EN"
    "http://www.w3.org/TR/xhtml1/DTD/xhtml1-transitional.dtd">
<html xmlns="http://www.w3.org/1999/xhtml" xml:lang="en" lang="en">
 <head>
  <title>
</title>
<meta http-equiv="Content-Type" content="text/html;charset=utf-8" />
  <meta name='ocr-system' content='tesseract 3.04.00' />
  <meta name='ocr-capabilities' content='ocr_page ocr_carea ocr_par ocr_line ocrx_word'/>
</head>
<body>
  <div class='ocr_page' id='page_1' title='image "./publiipapiniist01statgoog_0449.png"; bbox 0 0 2812 5258; ppageno 0'>
   <div class='ocr_carea' id='block_1_1' title="bbox 303 409 1337 633">
    <p class='ocr_par' dir='ltr' id='par_1_1' title="bbox 303 409 1337 633">
     <span class='ocr_line' id='line_1_1' title="bbox 307 409 1337 484; baseline -0.01 -10"><span class='ocrx_word' id='word_1_1' title='bbox 307 415 361 484; x_wconf 70' lang='grc'><strong>151</strong></span> <span class='ocrx_word' id='word_1_2' title='bbox 605 412 815 470; x_wconf 70' lang='lat' dir='ltr'><strong>amamus</strong></span> <span class='ocrx_word' id='word_1_3' title='bbox 835 411 945 469; x_wconf 79' lang='lat' dir='ltr'><strong>um</strong></span> <span class='ocrx_word' id='word_1_4' title='bbox 955 409 1010 467; x_wconf 80' lang='lat' dir='ltr'><strong>IX·</strong></span> <span class='ocrx_word' id='word_1_5' title='bbox 1216 413 1251 476; x_wconf 79' lang='lat' dir='ltr'><strong>(v.</strong></span> <span class='ocrx_word' id='word_1_6' title='bbox 1268 416 1337 479; x_wconf 80' lang='grc'>355.)</span> 
     </span>
     <span class='ocr_line' id='line_1_2' title="bbox 303 539 1264 633; baseline -0.003 -24"><span class='ocrx_word' id='word_1_7' title='bbox 303 544 417 633; x_wconf 90' lang='lat' dir='ltr'><strong>thue</strong></span> <span class='ocrx_word' id='word_1_8' title='bbox 435 539 542 633; x_wconf 83' lang='lat' dir='ltr'><strong>erupit</strong></span> <span class='ocrx_word' id='word_1_9' title='bbox 559 540 669 630; x_wconf 90' lang='lat' dir='ltr'><strong>aquis,</strong></span> <span class='ocrx_word' id='word_1_10' title='bbox 688 540 889 629; x_wconf 83' lang='lat' dir='ltr'>iterumque,</span> <span class='ocrx_word' id='word_1_11' title='bbox 907 539 1093 632; x_wconf 83' lang='lat' dir='ltr'><strong>itemmque</strong></span> <span class='ocrx_word' id='word_1_12' title='bbox 1110 540 1264 607; x_wconf 77' lang='lat' dir='ltr'><strong>trementi</strong></span> 
     </span>
    </p>
   </div>
   <div class='ocr_carea' id='block_1_2' title="bbox 188 656 1266 761">
    <p class='ocr_par' dir='ltr' id='par_1_2' title="bbox 188 656 1266 761">
     <span class='ocr_line' id='line_1_3' title="bbox 188 656 1266 761; baseline -0.007 -26"><span class='ocrx_word' id='word_1_13' title='bbox 188 656 191 663; x_wconf 58' lang='grc'>’</span> <span class='ocrx_word' id='word_1_14' title='bbox 304 665 683 761; x_wconf 69' lang='lat' dir='ltr'><strong>Ingeminatactenaee»</strong></span> <span class='ocrx_word' id='word_1_15' title='bbox 694 685 777 729; x_wconf 88' lang='lat' dir='ltr'><strong>sono</strong></span> <span class='ocrx_word' id='word_1_16' title='bbox 794 684 981 753; x_wconf 80' lang='lat' dir='ltr'><strong>:nusquam</strong></span> <span class='ocrx_word' id='word_1_17' title='bbox 998 658 1071 747; x_wconf 91' lang='lat' dir='ltr'><strong>ille,</strong></span> <span class='ocrx_word' id='word_1_18' title='bbox 1091 658 1148 728; x_wconf 92' lang='lat' dir='ltr'><strong>sed</strong></span> <span class='ocrx_word' id='word_1_19' title='bbox 1166 659 1266 727; x_wconf 79' lang='lat' dir='ltr'><strong>index</strong></span> 
     </span>
    </p>
   </div>
   <div class='ocr_carea' id='block_1_3' title="bbox 305 779 1314 1117">
    <p class='ocr_par' dir='ltr' id='par_1_3' title="bbox 305 779 1314 1117">
     <span class='ocr_line' id='line_1_4' title="bbox 305 779 1180 879; baseline -0.007 -27"><span class='ocrx_word' id='word_1_20' title='bbox 305 789 468 879; x_wconf 76' lang='lat' dir='ltr'>Desuper,</span> <span class='ocrx_word' id='word_1_21' title='bbox 488 784 530 850; x_wconf 90' lang='lat' dir='ltr'><strong>ab</strong></span> <span class='ocrx_word' id='word_1_22' title='bbox 547 783 673 850; x_wconf 75' lang='lat' dir='ltr'><strong>misere</strong></span> <span class='ocrx_word' id='word_1_23' title='bbox 691 782 831 849; x_wconf 91' lang='lat' dir='ltr'><strong>nimium</strong></span> <span class='ocrx_word' id='word_1_24' title='bbox 847 779 1013 849; x_wconf 84' lang='lat' dir='ltr'><strong>noscenda</strong></span> <span class='ocrx_word' id='word_1_25' title='bbox 1030 782 1180 874; x_wconf 91' lang='lat' dir='ltr'><strong>parenti,</strong></span> 
     </span>
     <span class='ocr_line' id='line_1_5' title="bbox 306 899 1314 994; baseline -0.003 -22"><span class='ocrx_word' id='word_1_26' title='bbox 306 906 423 972; x_wconf 88' lang='lat' dir='ltr'><strong>Parma</strong></span> <span class='ocrx_word' id='word_1_27' title='bbox 441 917 556 970; x_wconf 88' lang='lat' dir='ltr'><strong>natat:</strong></span> <span class='ocrx_word' id='word_1_28' title='bbox 572 903 662 994; x_wconf 86' lang='lat' dir='ltr'><strong>jacet</strong></span> <span class='ocrx_word' id='word_1_29' title='bbox 679 901 749 994; x_wconf 84' lang='lat' dir='ltr'><strong>ipse</strong></span> <span class='ocrx_word' id='word_1_30' title='bbox 767 899 905 994; x_wconf 75' lang='lat' dir='ltr'><strong>procul,</strong></span> <span class='ocrx_word' id='word_1_31' title='bbox 921 924 989 993; x_wconf 87' lang='lat' dir='ltr'><strong>qua</strong></span> <span class='ocrx_word' id='word_1_32' title='bbox 1002 901 1104 967; x_wconf 85' lang='lat' dir='ltr'><strong>mixta</strong></span> <span class='ocrx_word' id='word_1_33' title='bbox 1121 924 1314 992; x_wconf 88' lang='lat' dir='ltr'><strong>supremum</strong></span> 
     </span>
     <span class='ocr_line' id='line_1_6' title="bbox 306 1022 1002 1117; baseline -0.004 -26"><span class='ocrx_word' id='word_1_34' title='bbox 306 1027 458 1092; x_wconf 84' lang='lat' dir='ltr'><strong>Ismenon</strong></span> <span class='ocrx_word' id='word_1_35' title='bbox 478 1025 576 1117; x_wconf 91' lang='lat' dir='ltr'><strong>primi</strong></span> <span class='ocrx_word' id='word_1_36' title='bbox 595 1037 726 1091; x_wconf 89' lang='lat' dir='ltr'><strong>mutant</strong></span> <span class='ocrx_word' id='word_1_37' title='bbox 739 1023 883 1091; x_wconf 88' lang='lat' dir='ltr'><strong>confinia</strong></span> <span class='ocrx_word' id='word_1_38' title='bbox 898 1022 1002 1115; x_wconf 88' lang='lat' dir='ltr'><strong>ponti.</strong></span> 
     </span>
    </p>
   </div>
   <div class='ocr_carea' id='block_1_4' title="bbox 168 1140 1254 1237">
    <p class='ocr_par' dir='ltr' id='par_1_4' title="bbox 168 1140 1254 1237">
     <span class='ocr_line' id='line_1_7' title="bbox 168 1140 1254 1237; baseline -0.002 -25"><span class='ocrx_word' id='word_1_39' title='bbox 168 1162 173 1173; x_wconf 93' lang='grc'><strong>’</strong></span> <span class='ocrx_word' id='word_1_40' title='bbox 306 1141 530 1236; x_wconf 81' lang='lat' dir='ltr'><strong>Fluctivagam</strong></span> <span class='ocrx_word' id='word_1_41' title='bbox 548 1144 596 1212; x_wconf 89' lang='lat' dir='ltr'><strong>sic</strong></span> <span class='ocrx_word' id='word_1_42' title='bbox 615 1167 700 1237; x_wconf 72' lang='lat' dir='ltr'><strong>sepe</strong></span> <span class='ocrx_word' id='word_1_43' title='bbox 716 1142 872 1227; x_wconf 90' lang='lat' dir='ltr'><strong>domum,</strong></span> <span class='ocrx_word' id='word_1_44' title='bbox 889 1140 1104 1234; x_wconf 88' lang='lat' dir='ltr'><strong>madidosque</strong></span> <span class='ocrx_word' id='word_1_45' title='bbox 1118 1156 1254 1236; x_wconf 83' lang='lat' dir='ltr'><strong>penates</strong></span> 
     </span>
    </p>
   </div>
   <div class='ocr_carea' id='block_1_5' title="bbox 305 1261 1337 3629">
    <p class='ocr_par' dir='ltr' id='par_1_5' title="bbox 305 1261 1337 3629">
     <span class='ocr_line' id='line_1_8' title="bbox 306 1261 1166 1358; baseline -0.001 -28"><span class='ocrx_word' id='word_1_46' title='bbox 306 1261 476 1356; x_wconf 77' lang='lat' dir='ltr'><strong>Halcyone</strong></span> <span class='ocrx_word' id='word_1_47' title='bbox 493 1262 623 1332; x_wconf 90' lang='lat' dir='ltr'><strong>deserta</strong></span> <span class='ocrx_word' id='word_1_48' title='bbox 641 1263 762 1358; x_wconf 87' lang='lat' dir='ltr'><strong>gemit,</strong></span> <span class='ocrx_word' id='word_1_49' title='bbox 781 1287 885 1354; x_wconf 91' lang='lat' dir='ltr'><strong>quum</strong></span> <span class='ocrx_word' id='word_1_50' title='bbox 905 1263 1046 1356; x_wconf 88' lang='lat' dir='ltr'><strong>pignora</strong></span> <span class='ocrx_word' id='word_1_51' title='bbox 1063 1285 1166 1329; x_wconf 82' lang='lat' dir='ltr'><strong>saevus</strong></span> 
     </span>
     <span class='ocr_line' id='line_1_9' title="bbox 305 1380 1165 1476; baseline -0.005 -25"><span class='ocrx_word' id='word_1_52' title='bbox 305 1387 439 1469; x_wconf 80' lang='lat' dir='ltr'><strong>Auster,</strong></span> <span class='ocrx_word' id='word_1_53' title='bbox 458 1398 490 1451; x_wconf 88' lang='lat' dir='ltr'><strong>et</strong></span> <span class='ocrx_word' id='word_1_54' title='bbox 507 1381 654 1476; x_wconf 78' lang='lat' dir='ltr'><strong>algentes</strong></span> <span class='ocrx_word' id='word_1_55' title='bbox 670 1383 782 1474; x_wconf 82' lang='lat' dir='ltr'>rapuit</span> <span class='ocrx_word' id='word_1_56' title='bbox 796 1380 911 1449; x_wconf 85' lang='lat' dir='ltr'><strong>Thetis</strong></span> <span class='ocrx_word' id='word_1_57' title='bbox 929 1380 1042 1448; x_wconf 84' lang='lat' dir='ltr'><strong>invida</strong></span> <span class='ocrx_word' id='word_1_58' title='bbox 1061 1380 1165 1449; x_wconf 91' lang='lat' dir='ltr'><strong>nidos.</strong></span> 
     </span>
     <span class='ocr_line' id='line_1_10' title="bbox 353 1499 1337 1595; baseline -0.002 -25"><span class='ocrx_word' id='word_1_59' title='bbox 353 1503 520 1595; x_wconf 83' lang='lat' dir='ltr'><strong>Mergitur</strong></span> <span class='ocrx_word' id='word_1_60' title='bbox 537 1501 621 1568; x_wconf 91' lang='lat' dir='ltr'><strong>orba</strong></span> <span class='ocrx_word' id='word_1_61' title='bbox 639 1501 780 1585; x_wconf 84' lang='lat' dir='ltr'><strong>itemm,</strong></span> <span class='ocrx_word' id='word_1_62' title='bbox 799 1500 995 1593; x_wconf 76' lang='lat' dir='ltr'><strong>penitusque</strong></span> <span class='ocrx_word' id='word_1_63' title='bbox 1013 1499 1141 1569; x_wconf 88' lang='lat' dir='ltr'><strong>occulta</strong></span> <span class='ocrx_word' id='word_1_64' title='bbox 1161 1500 1222 1568; x_wconf 90' lang='lat' dir='ltr'><strong>sub</strong></span> <span class='ocrx_word' id='word_1_65' title='bbox 1239 1500 1337 1568; x_wconf 93' lang='lat' dir='ltr'><strong>undis</strong></span> 
     </span>
     <span class='ocr_line' id='line_1_11' title="bbox 306 1617 1127 1711; baseline 0 -23"><span class='ocrx_word' id='word_1_66' title='bbox 306 1622 426 1689; x_wconf 86' lang='lat' dir='ltr'><strong>Limite</strong></span> <span class='ocrx_word' id='word_1_67' title='bbox 444 1645 513 1688; x_wconf 93' lang='lat' dir='ltr'><strong>non</strong></span> <span class='ocrx_word' id='word_1_68' title='bbox 532 1643 619 1707; x_wconf 91' lang='lat' dir='ltr'><strong>uno,</strong></span> <span class='ocrx_word' id='word_1_69' title='bbox 639 1617 802 1710; x_wconf 94' lang='lat' dir='ltr'><strong>liquidum</strong></span> <span class='ocrx_word' id='word_1_70' title='bbox 821 1643 888 1711; x_wconf 88' lang='lat' dir='ltr'><strong>qua</strong></span> <span class='ocrx_word' id='word_1_71' title='bbox 902 1618 1016 1688; x_wconf 87' lang='lat' dir='ltr'><strong>subter</strong></span> <span class='ocrx_word' id='word_1_72' title='bbox 1035 1622 1127 1688; x_wconf 90' lang='lat' dir='ltr'><strong>eunti</strong></span> 
     </span>
     <span class='ocr_line' id='line_1_12' title="bbox 306 1735 1098 1831; baseline -0.001 -22"><span class='ocrx_word' id='word_1_73' title='bbox 306 1744 410 1809; x_wconf 87' lang='lat' dir='ltr'><strong>Lucet</strong></span> <span class='ocrx_word' id='word_1_74' title='bbox 428 1740 509 1824; x_wconf 92' lang='lat' dir='ltr'><strong>iter,</strong></span> <span class='ocrx_word' id='word_1_75' title='bbox 527 1738 638 1806; x_wconf 89' lang='lat' dir='ltr'><strong>miseri</strong></span> <span class='ocrx_word' id='word_1_76' title='bbox 656 1739 877 1831; x_wconf 82' lang='lat' dir='ltr'><strong>nequicquam</strong></span> <span class='ocrx_word' id='word_1_77' title='bbox 894 1735 1011 1807; x_wconf 87' lang='lat' dir='ltr'><strong>limera</strong></span> <span class='ocrx_word' id='word_1_78' title='bbox 1030 1743 1098 1809; x_wconf 89' lang='lat' dir='ltr'><strong>nati</strong></span> 
     </span>
     <span class='ocr_line' id='line_1_13' title="bbox 306 1856 1239 1953; baseline -0.001 -26"><span class='ocrx_word' id='word_1_79' title='bbox 306 1860 473 1953; x_wconf 86' lang='lat' dir='ltr'><strong>Vestigat,</strong></span> <span class='ocrx_word' id='word_1_80' title='bbox 492 1856 684 1952; x_wconf 80' lang='lat' dir='ltr'><strong>plangitque</strong></span> <span class='ocrx_word' id='word_1_81' title='bbox 704 1871 813 1926; x_wconf 87' lang='lat' dir='ltr'><strong>tamen</strong></span> <span class='ocrx_word' id='word_1_82' title='bbox 832 1884 841 1925; x_wconf 76' lang='grc' dir='ltr'>ε</span> <span class='ocrx_word' id='word_1_83' title='bbox 858 1882 944 1952; x_wconf 79' lang='lat' dir='ltr'><strong>saepe</strong></span> <span class='ocrx_word' id='word_1_84' title='bbox 959 1857 1114 1926; x_wconf 89' lang='lat' dir='ltr'><strong>horridus</strong></span> <span class='ocrx_word' id='word_1_85' title='bbox 1133 1861 1239 1926; x_wconf 88' lang='lat' dir='ltr'><strong>amnis</strong></span> 
     </span>
     <span class='ocr_line' id='line_1_14' title="bbox 306 1975 1114 2073; baseline -0.001 -27"><span class='ocrx_word' id='word_1_86' title='bbox 306 1976 446 2063; x_wconf 81' lang='lat' dir='ltr'><strong>Obstat,</strong></span> <span class='ocrx_word' id='word_1_87' title='bbox 464 1991 494 2046; x_wconf 87' lang='lat' dir='ltr'><strong>et</strong></span> <span class='ocrx_word' id='word_1_88' title='bbox 513 1976 659 2046; x_wconf 89' lang='lat' dir='ltr'><strong>obducto</strong></span> <span class='ocrx_word' id='word_1_89' title='bbox 679 1975 823 2073; x_wconf 76' lang='lat' dir='ltr'><strong>caligant</strong></span> <span class='ocrx_word' id='word_1_90' title='bbox 840 1980 1001 2073; x_wconf 82' lang='lat' dir='ltr'><strong>sanguine</strong></span> <span class='ocrx_word' id='word_1_91' title='bbox 1015 1980 1114 2048; x_wconf 82' lang='lat' dir='ltr'><strong>visus.</strong></span> 
     </span>
     <span class='ocr_line' id='line_1_15' title="bbox 307 2095 1122 2192; baseline 0.002 -28"><span class='ocrx_word' id='word_1_92' title='bbox 307 2095 367 2164; x_wconf 91' lang='lat' dir='ltr'><strong>llla</strong></span> <span class='ocrx_word' id='word_1_93' title='bbox 385 2112 496 2166; x_wconf 87' lang='lat' dir='ltr'><strong>tamen</strong></span> <span class='ocrx_word' id='word_1_94' title='bbox 511 2123 656 2192; x_wconf 74' lang='lat' dir='ltr'><strong>preceps</strong></span> <span class='ocrx_word' id='word_1_95' title='bbox 672 2099 707 2165; x_wconf 94' lang='lat' dir='ltr'><strong>in</strong></span> <span class='ocrx_word' id='word_1_96' title='bbox 726 2097 790 2167; x_wconf 90' lang='lat' dir='ltr'><strong>tela</strong></span> <span class='ocrx_word' id='word_1_97' title='bbox 807 2097 946 2167; x_wconf 79' lang='lat' dir='ltr'><strong>offendit</strong></span> <span class='ocrx_word' id='word_1_98' title='bbox 962 2113 996 2166; x_wconf 87' lang='lat' dir='ltr'><strong>et</strong></span> <span class='ocrx_word' id='word_1_99' title='bbox 1011 2123 1122 2184; x_wconf 87' lang='lat' dir='ltr'><strong>enses,</strong></span> 
     </span>
     <span class='ocr_line' id='line_1_16' title="bbox 306 2216 1142 2310; baseline 0 -26"><span class='ocrx_word' id='word_1_100' title='bbox 306 2219 547 2310; x_wconf 87' lang='lat' dir='ltr'><strong>Scrutaturque</strong></span> <span class='ocrx_word' id='word_1_101' title='bbox 566 2242 667 2286; x_wconf 91' lang='lat' dir='ltr'><strong>manu</strong></span> <span class='ocrx_word' id='word_1_102' title='bbox 686 2216 811 2310; x_wconf 88' lang='lat' dir='ltr'><strong>galeas,</strong></span> <span class='ocrx_word' id='word_1_103' title='bbox 832 2232 866 2284; x_wconf 91' lang='lat' dir='ltr'><strong>et</strong></span> <span class='ocrx_word' id='word_1_104' title='bbox 883 2240 988 2310; x_wconf 90' lang='lat' dir='ltr'><strong>prona</strong></span> <span class='ocrx_word' id='word_1_105' title='bbox 1005 2216 1142 2286; x_wconf 75' lang='lat' dir='ltr'><strong>reclinat</strong></span> 
     </span>
     <span class='ocr_line' id='line_1_17' title="bbox 306 2335 1180 2427; baseline -0.002 -23"><span class='ocrx_word' id='word_1_106' title='bbox 306 2337 481 2427; x_wconf 78' lang='lat' dir='ltr'><strong>Corpora:</strong></span> <span class='ocrx_word' id='word_1_107' title='bbox 502 2359 564 2402; x_wconf 94' lang='lat' dir='ltr'><strong>nec</strong></span> <span class='ocrx_word' id='word_1_108' title='bbox 582 2350 686 2427; x_wconf 92' lang='lat' dir='ltr'><strong>ponto</strong></span> <span class='ocrx_word' id='word_1_109' title='bbox 704 2335 854 2401; x_wconf 84' lang='lat' dir='ltr'><strong>submota</strong></span> <span class='ocrx_word' id='word_1_110' title='bbox 874 2336 1018 2402; x_wconf 86' lang='lat' dir='ltr'><strong>intrabat</strong></span> <span class='ocrx_word' id='word_1_111' title='bbox 1036 2358 1180 2402; x_wconf 88' lang='lat' dir='ltr'><strong>amaram</strong></span> 
     </span>
     <span class='ocr_line' id='line_1_18' title="bbox 305 2450 1127 2546; baseline -0.004 -23"><span class='ocrx_word' id='word_1_112' title='bbox 305 2451 451 2540; x_wconf 91' lang='lat' dir='ltr'><strong>Dorida,</strong></span> <span class='ocrx_word' id='word_1_113' title='bbox 471 2476 655 2546; x_wconf 87' lang='lat' dir='ltr'><strong>possessum</strong></span> <span class='ocrx_word' id='word_1_114' title='bbox 674 2450 780 2520; x_wconf 89' lang='lat' dir='ltr'><strong>donec</strong></span> <span class='ocrx_word' id='word_1_115' title='bbox 793 2451 863 2543; x_wconf 85' lang='lat' dir='ltr'><strong>jam</strong></span> <span class='ocrx_word' id='word_1_116' title='bbox 880 2452 1033 2520; x_wconf 90' lang='lat' dir='ltr'><strong>fluctibus</strong></span> <span class='ocrx_word' id='word_1_117' title='bbox 1053 2452 1127 2520; x_wconf 90' lang='lat' dir='ltr'><strong>altis</strong></span> 
     </span>
     <span class='ocr_line' id='line_1_19' title="bbox 306 2570 1148 2666; baseline -0.002 -23"><span class='ocrx_word' id='word_1_118' title='bbox 306 2571 489 2644; x_wconf 78' lang='lat' dir='ltr'><strong>Nereidum</strong></span> <span class='ocrx_word' id='word_1_119' title='bbox 510 2571 665 2639; x_wconf 86' lang='lat' dir='ltr'><strong>miserata</strong></span> <span class='ocrx_word' id='word_1_120' title='bbox 682 2570 802 2639; x_wconf 89' lang='lat' dir='ltr'><strong>cohors</strong></span> <span class='ocrx_word' id='word_1_121' title='bbox 823 2570 865 2639; x_wconf 90' lang='lat' dir='ltr'><strong>ad</strong></span> <span class='ocrx_word' id='word_1_122' title='bbox 884 2585 1015 2666; x_wconf 82' lang='lat' dir='ltr'><strong>pectora</strong></span> <span class='ocrx_word' id='word_1_123' title='bbox 1034 2573 1148 2641; x_wconf 85' lang='lat' dir='ltr'><strong>matris</strong></span> 
     </span>
     <span class='ocr_line' id='line_1_20' title="bbox 307 2689 1223 2788; baseline 0.001 -26"><span class='ocrx_word' id='word_1_124' title='bbox 307 2691 448 2788; x_wconf 81' lang='lat' dir='ltr'><strong>impulit</strong></span> <span class='ocrx_word' id='word_1_125' title='bbox 465 2717 474 2760; x_wconf 82' lang='lat' dir='ltr'><strong>t</strong></span> <span class='ocrx_word' id='word_1_126' title='bbox 491 2689 548 2760; x_wconf 88' lang='lat' dir='ltr'><strong>illa</strong></span> <span class='ocrx_word' id='word_1_127' title='bbox 566 2715 666 2760; x_wconf 92' lang='lat' dir='ltr'><strong>manu</strong></span> <span class='ocrx_word' id='word_1_128' title='bbox 684 2715 745 2760; x_wconf 89' lang='lat' dir='ltr'><strong>ceu</strong></span> <span class='ocrx_word' id='word_1_129' title='bbox 761 2692 875 2761; x_wconf 87' lang='lat' dir='ltr'><strong>vivum</strong></span> <span class='ocrx_word' id='word_1_130' title='bbox 894 2691 1043 2788; x_wconf 85' lang='lat' dir='ltr'><strong>amplexa</strong></span> <span class='ocrx_word' id='word_1_131' title='bbox 1057 2707 1223 2786; x_wconf 86' lang='lat' dir='ltr'><strong>reportat,</strong></span> 
     </span>
     <span class='ocr_line' id='line_1_21' title="bbox 307 2812 1194 2907; baseline 0.002 -26"><span class='ocrx_word' id='word_1_132' title='bbox 307 2813 532 2905; x_wconf 82' lang='lat' dir='ltr'><strong>insternitque</strong></span> <span class='ocrx_word' id='word_1_133' title='bbox 546 2813 626 2880; x_wconf 91' lang='lat' dir='ltr'><strong>toris</strong></span> <span class='ocrx_word' id='word_1_134' title='bbox 641 2813 810 2905; x_wconf 90' lang='lat' dir='ltr'><strong>riparum,</strong></span> <span class='ocrx_word' id='word_1_135' title='bbox 827 2828 925 2907; x_wconf 88' lang='lat' dir='ltr'><strong>atque</strong></span> <span class='ocrx_word' id='word_1_136' title='bbox 941 2812 1076 2882; x_wconf 89' lang='lat' dir='ltr'><strong>humida</strong></span> <span class='ocrx_word' id='word_1_137' title='bbox 1095 2816 1194 2883; x_wconf 85' lang='lat' dir='ltr'><strong>siccat</strong></span> 
     </span>
     <span class='ocr_line' id='line_1_22' title="bbox 307 2930 1201 3026; baseline 0 -24"><span class='ocrx_word' id='word_1_138' title='bbox 307 2930 467 3002; x_wconf 90' lang='lat' dir='ltr'><strong>Mollibus</strong></span> <span class='ocrx_word' id='word_1_139' title='bbox 480 2957 540 3002; x_wconf 89' lang='lat' dir='ltr'><strong>ora</strong></span> <span class='ocrx_word' id='word_1_140' title='bbox 559 2934 680 3018; x_wconf 91' lang='lat' dir='ltr'><strong>comis,</strong></span> <span class='ocrx_word' id='word_1_141' title='bbox 697 2948 795 3026; x_wconf 88' lang='lat' dir='ltr'><strong>atque</strong></span> <span class='ocrx_word' id='word_1_142' title='bbox 809 2934 877 3002; x_wconf 72' lang='lat' dir='ltr'><strong>hec</strong></span> <span class='ocrx_word' id='word_1_143' title='bbox 895 2931 1074 3002; x_wconf 90' lang='lat' dir='ltr'><strong>ululatibus</strong></span> <span class='ocrx_word' id='word_1_144' title='bbox 1091 2934 1201 3003; x_wconf 90' lang='lat' dir='ltr'><strong>addit:</strong></span> 
     </span>
     <span class='ocr_line' id='line_1_23' title="bbox 358 3052 1163 3147; baseline 0.009 -30"><span class='ocrx_word' id='word_1_145' title='bbox 358 3057 454 3120; x_wconf 75' lang='lat' dir='ltr'><strong>«Hoc</strong></span> <span class='ocrx_word' id='word_1_146' title='bbox 472 3054 531 3121; x_wconf 90' lang='lat' dir='ltr'><strong>tibi</strong></span> <span class='ocrx_word' id='word_1_147' title='bbox 548 3052 681 3121; x_wconf 87' lang='lat' dir='ltr'><strong>semidei</strong></span> <span class='ocrx_word' id='word_1_148' title='bbox 697 3077 816 3122; x_wconf 88' lang='lat' dir='ltr'><strong>munus</strong></span> <span class='ocrx_word' id='word_1_149' title='bbox 833 3053 976 3121; x_wconf 87' lang='lat' dir='ltr'><strong>tribuere</strong></span> <span class='ocrx_word' id='word_1_150' title='bbox 993 3056 1163 3147; x_wconf 86' lang='lat' dir='ltr'><strong>parentes?</strong></span> 
     </span>
     <span class='ocr_line' id='line_1_24' title="bbox 310 3170 1274 3270; baseline 0.007 -31"><span class='ocrx_word' id='word_1_151' title='bbox 310 3173 381 3239; x_wconf 87' lang='lat' dir='ltr'><strong>Nec</strong></span> <span class='ocrx_word' id='word_1_152' title='bbox 398 3170 547 3239; x_wconf 91' lang='lat' dir='ltr'><strong>mortalis</strong></span> <span class='ocrx_word' id='word_1_153' title='bbox 564 3172 673 3240; x_wconf 83' lang='lat' dir='ltr'><strong>avus?</strong></span> <span class='ocrx_word' id='word_1_154' title='bbox 693 3175 739 3241; x_wconf 89' lang='lat' dir='ltr'><strong>sic</strong></span> <span class='ocrx_word' id='word_1_155' title='bbox 758 3188 871 3239; x_wconf 89' lang='lat' dir='ltr'><strong>nostro</strong></span> <span class='ocrx_word' id='word_1_156' title='bbox 886 3174 921 3238; x_wconf 94' lang='lat' dir='ltr'><strong>in</strong></span> <span class='ocrx_word' id='word_1_157' title='bbox 943 3177 1073 3268; x_wconf 87' lang='lat' dir='ltr'><strong>gurgite</strong></span> <span class='ocrx_word' id='word_1_158' title='bbox 1090 3177 1228 3270; x_wconf 72' lang='lat' dir='ltr'><strong>regnas?</strong></span> <span class='ocrx_word' id='word_1_159' title='bbox 1272 3262 1274 3266; x_wconf 19' lang='grc' dir='ltr'>ι</span> 
     </span>
     <span class='ocr_line' id='line_1_25' title="bbox 309 3289 1133 3386; baseline 0.012 -32"><span class='ocrx_word' id='word_1_160' title='bbox 309 3290 426 3356; x_wconf 86' lang='lat' dir='ltr'><strong>Mitior</strong></span> <span class='ocrx_word' id='word_1_161' title='bbox 444 3289 509 3357; x_wconf 91' lang='lat' dir='ltr'><strong>heu</strong></span> <span class='ocrx_word' id='word_1_162' title='bbox 530 3293 651 3358; x_wconf 89' lang='lat' dir='ltr'><strong>misero</strong></span> <span class='ocrx_word' id='word_1_163' title='bbox 669 3291 811 3376; x_wconf 86' lang='lat' dir='ltr'><strong>discors,</strong></span> <span class='ocrx_word' id='word_1_164' title='bbox 827 3289 999 3386; x_wconf 85' lang='lat' dir='ltr'><strong>alienaque</strong></span> <span class='ocrx_word' id='word_1_165' title='bbox 1017 3295 1133 3384; x_wconf 90' lang='lat' dir='ltr'><strong>tellus,</strong></span> 
     </span>
     <span class='ocr_line' id='line_1_26' title="bbox 308 3408 1165 3512; baseline 0.012 -36"><span class='ocrx_word' id='word_1_166' title='bbox 308 3409 425 3476; x_wconf 87' lang='lat' dir='ltr'><strong>Mitior</strong></span> <span class='ocrx_word' id='word_1_167' title='bbox 446 3408 535 3476; x_wconf 91' lang='lat' dir='ltr'><strong>unda</strong></span> <span class='ocrx_word' id='word_1_168' title='bbox 553 3412 671 3494; x_wconf 90' lang='lat' dir='ltr'><strong>maris,</strong></span> <span class='ocrx_word' id='word_1_169' title='bbox 691 3435 764 3503; x_wconf 82' lang='lat' dir='ltr'><strong>quae</strong></span> <span class='ocrx_word' id='word_1_170' title='bbox 777 3411 872 3504; x_wconf 81' lang='lat' dir='ltr'><strong>juxta</strong></span> <span class='ocrx_word' id='word_1_171' title='bbox 890 3413 1026 3484; x_wconf 89' lang='lat' dir='ltr'><strong>flumina</strong></span> <span class='ocrx_word' id='word_1_172' title='bbox 1045 3441 1165 3512; x_wconf 88' lang='lat' dir='ltr'><strong>corpus</strong></span> 
     </span>
     <span class='ocr_line' id='line_1_27' title="bbox 308 3526 1189 3629; baseline 0.011 -32"><span class='ocrx_word' id='word_1_173' title='bbox 308 3526 466 3615; x_wconf 89' lang='lat' dir='ltr'><strong>Rettulit,</strong></span> <span class='ocrx_word' id='word_1_174' title='bbox 484 3542 516 3596; x_wconf 90' lang='lat' dir='ltr'><strong>et</strong></span> <span class='ocrx_word' id='word_1_175' title='bbox 532 3530 684 3597; x_wconf 89' lang='lat' dir='ltr'><strong>miseram</strong></span> <span class='ocrx_word' id='word_1_176' title='bbox 704 3531 770 3598; x_wconf 81' lang='lat' dir='ltr'><strong>visa</strong></span> <span class='ocrx_word' id='word_1_177' title='bbox 788 3548 993 3626; x_wconf 84' lang='lat' dir='ltr'><strong>exspectasse</strong></span> <span class='ocrx_word' id='word_1_178' title='bbox 1012 3552 1189 3629; x_wconf 87' lang='lat' dir='ltr'><strong>parentem.</strong></span> 
     </span>
    </p>
   </div>
   <div class='ocr_carea' id='block_1_6' title="bbox 306 3645 1246 4110">
    <p class='ocr_par' dir='ltr' id='par_1_6' title="bbox 306 3645 1246 4110">
     <span class='ocr_line' id='line_1_28' title="bbox 309 3645 1107 3748; baseline 0.013 -34"><span class='ocrx_word' id='word_1_179' title='bbox 309 3649 396 3715; x_wconf 88' lang='lat' dir='ltr'><strong>Hine</strong></span> <span class='ocrx_word' id='word_1_180' title='bbox 416 3649 480 3715; x_wconf 90' lang='lat' dir='ltr'><strong>mei</strong></span> <span class='ocrx_word' id='word_1_181' title='bbox 499 3645 629 3716; x_wconf 80' lang='lat' dir='ltr'><strong>vultus?</strong></span> <span class='ocrx_word' id='word_1_182' title='bbox 649 3649 718 3718; x_wconf 77' lang='lat' dir='ltr'><strong>hec</strong></span> <span class='ocrx_word' id='word_1_183' title='bbox 736 3654 821 3720; x_wconf 82' lang='lat' dir='ltr'><strong>torvi</strong></span> <span class='ocrx_word' id='word_1_184' title='bbox 840 3652 966 3722; x_wconf 89' lang='lat' dir='ltr'><strong>lumina</strong></span> <span class='ocrx_word' id='word_1_185' title='bbox 983 3658 1107 3748; x_wconf 82' lang='lat' dir='ltr'><strong>patris?</strong></span> 
     </span>
     <span class='ocr_line' id='line_1_29' title="bbox 306 3766 1108 3867; baseline 0.014 -33"><span class='ocrx_word' id='word_1_186' title='bbox 306 3768 351 3834; x_wconf 87' lang='lat' dir='ltr'><strong>Hi</strong></span> <span class='ocrx_word' id='word_1_187' title='bbox 368 3768 474 3835; x_wconf 89' lang='lat' dir='ltr'><strong>crines</strong></span> <span class='ocrx_word' id='word_1_188' title='bbox 492 3766 646 3836; x_wconf 89' lang='lat' dir='ltr'><strong>undantis</strong></span> <span class='ocrx_word' id='word_1_189' title='bbox 664 3770 739 3838; x_wconf 84' lang='lat' dir='ltr'><strong>avi?</strong></span> <span class='ocrx_word' id='word_1_190' title='bbox 757 3786 793 3841; x_wconf 88' lang='lat' dir='ltr'><strong>tu</strong></span> <span class='ocrx_word' id='word_1_191' title='bbox 812 3772 922 3842; x_wconf 90' lang='lat' dir='ltr'><strong>nobile</strong></span> <span class='ocrx_word' id='word_1_192' title='bbox 940 3776 1108 3867; x_wconf 88' lang='lat' dir='ltr'><strong>quondam</strong></span> 
     </span>
     <span class='ocr_line' id='line_1_30' title="bbox 309 3884 1246 3994; baseline 0.014 -39"><span class='ocrx_word' id='word_1_193' title='bbox 309 3884 500 3962; x_wconf 82' lang='lat' dir='ltr'><strong>Undarum,</strong></span> <span class='ocrx_word' id='word_1_194' title='bbox 520 3912 758 3985; x_wconf 87' lang='lat' dir='ltr'><strong>nemorumque</strong></span> <span class='ocrx_word' id='word_1_195' title='bbox 780 3892 897 3983; x_wconf 91' lang='lat' dir='ltr'><strong>decus,</strong></span> <span class='ocrx_word' id='word_1_196' title='bbox 916 3920 983 3989; x_wconf 92' lang='lat' dir='ltr'><strong>quo</strong></span> <span class='ocrx_word' id='word_1_197' title='bbox 1000 3901 1122 3992; x_wconf 88' lang='lat' dir='ltr'><strong>sospite</strong></span> <span class='ocrx_word' id='word_1_198' title='bbox 1138 3899 1246 3994; x_wconf 73' lang='lat' dir='ltr'><strong>maior</strong></span> 
     </span>
     <span class='ocr_line' id='line_1_31' title="bbox 308 4006 1110 4110; baseline 0.014 -34"><span class='ocrx_word' id='word_1_199' title='bbox 308 4006 412 4093; x_wconf 82' lang='lat' dir='ltr'><strong>Diva,</strong></span> <span class='ocrx_word' id='word_1_200' title='bbox 429 4020 464 4076; x_wconf 86' lang='lat' dir='ltr'><strong>et</strong></span> <span class='ocrx_word' id='word_1_201' title='bbox 479 4007 700 4103; x_wconf 86' lang='lat' dir='ltr'><strong>nympharum</strong></span> <span class='ocrx_word' id='word_1_202' title='bbox 721 4009 820 4107; x_wconf 87' lang='lat' dir='ltr'><strong>longe</strong></span> <span class='ocrx_word' id='word_1_203' title='bbox 837 4015 952 4110; x_wconf 88' lang='lat' dir='ltr'><strong>regina</strong></span> <span class='ocrx_word' id='word_1_204' title='bbox 973 4016 1110 4088; x_wconf 81' lang='lat' dir='ltr'><strong>ferebar.</strong></span> 
     </span>
    </p>
   </div>
   <div class='ocr_carea' id='block_1_7' title="bbox 0 0 1415 5258">
    <p class='ocr_par' dir='ltr' id='par_1_7' title="bbox 0 0 1415 5258">
     <span class='ocr_line' id='line_1_32' title="bbox 0 0 1415 5258; baseline 0 0"><span class='ocrx_word' id='word_1_205' title='bbox 0 0 1415 5258; x_wconf 95' lang='lat' dir='ltr'><strong> </strong></span> 
     </span>
    </p>
   </div>
  </div>
 </body>
</html>
