2812 5258
414 476 602 531 SILVARUM
622 477 729 530 LIBER
751 480 770 531 Ι.
1065 500 1099 535 ar

777 597 1103 623 mimmm

553 878 656 1014 ivs

266 1224 473 1291 SOTERIA
500 1223 685 1291 RUTILII
713 1225 919 1294 GALLICI.

132 1889 245 1969 Fsrrs,
260 1886 293 1950 io
308 1887 440 1977 Superi,
454 1911 513 1954 nec
528 1886 727 1956 inexorabile
741 1887 861 1957 Clotho

86 2000 201 2069 Volvit
216 2024 299 2092 opus
315 2025 322 2066 :
338 2000 426 2068 videt
441 2000 526 2068 alma
542 2006 612 2094 pios
629 2009 765 2092 Astraea,
778 2009 915 2097 Jovique

91 2116 272 2189 conciliata
288 2116 388 2203 redit;
405 2117 618 2211 dubitataque
632 2122 738 2190 sidera
750 2126 854 2191 cernit

90 2235 246 2307 Gallicus.
261 2240 305 2305 Es
319 2235 417 2322 coelo,
430 2236 481 2305 dis
496 2262 542 2323 es,
557 2240 770 2326 Germanice,
785 2239 891 2324 cordi,

89 2357 173 2443 Quis
190 2354 312 2449 neget?
326 2356 456 2423 erubuit
471 2369 564 2424 tanto
579 2355 720 2448 spoliare
735 2359 884 2425 ministro

87 2475 269 2565 Imperium
283 2476 427 2541 Fortuna
443 2486 545 2562 tuum.
563 2476 635 2541 Stat
650 2475 796 2567 proxima
811 2475 921 2543 cervix

88 2590 247 2658 Ponderis
266 2591 430 2676 immensi,
444 2590 665 2681 damnosaque
680 2589 735 2658 iila
749 2605 884 2659 senectae

90 2710 204 2794 Exuit,
218 2723 316 2801 atque
332 2707 412 2776 alios
427 2708 543 2776 melior
557 2709 722 2777 revirescit
738 2709 772 2774 in
787 2731 899 2775 annos.

91 2830 179 2920 Ergo
192 2823 331 2909 alacres,
345 2850 417 2918 quae
431 2827 524 2918 signa
540 2823 653 2893 colunt
667 2826 809 2909 urbana,
824 2825 993 2910 cobortes,

91 2945 196 3037 lnque
210 2945 318 3011 sinum
332 2967 405 3035 quae
419 2967 502 3035 saepe
518 2956 612 3010 tuum
629 2943 698 3010 fora
714 2941 844 3011 turbida
861 2957 977 3036 questu

93 3062 309 3156 Confugiunt,
326 3059 491 3154 legesque,
507 3059 667 3152 urbesque
683 3062 868 3153 ubicunque
883 3074 999 3153 togatae

93 3181 176 3268 Quae
192 3195 248 3249 tua
263 3179 451 3272 longinquis
467 3176 644 3269 implorant
657 3180 731 3269 jura
746 3176 901 3269 querelis,

94 3300 228 3366 Certent
243 3296 367 3380 laetitia;
384 3319 545 3388 nosseque
558 3319 597 3363 ex
610 3294 726 3362 ordine
741 3292 833 3361 collis

96 3415 299 3501 Confremat,
314 3428 347 3482 et
361 3411 477 3482 sileant
492 3413 613 3505 pejoris
630 3435 800 3479 murmura
813 3411 906 3479 famae
921 3437 930 3479 ε

96 3532 226 3624 Quippe
241 3546 369 3616 manet,
386 3531 588 3629 longumque
600 3554 669 3598 aevo
685 3529 841 3599 redeunte
856 3530 1019 3616 manebit,

97 3650 205 3737 Quem
218 3673 316 3742 penes
329 3648 499 3742 intrepide
515 3650 603 3716 mitis
617 3648 763 3717 custodia
780 3651 900 3718 Romae.

96 3769 167 3836 Nec
184 3780 308 3833 tantum
323 3766 487 3834 induerint
501 3766 576 3834 satis
591 3790 675 3833 nova
691 3764 806 3833 saecula
821 3769 967 3852 crimen,

96 3889 166 3954 Aut
181 3884 351 3951 instaurati
367 3886 545 3974 peccaverit
561 3906 617 3951 ara
632 3886 773 3951 Terenti.

144 4007 204 4071 Ast
219 4026 281 4094 ego
298 4025 358 4069 nec
371 4000 528 4071 Phoebum
544 4005 751 4096 (quanquam
766 4004 847 4072 mibi
861 4001 961 4071 surda
975 4003 1046 4069 aine
1059 3998 1117 4067 illo
