2812 5258
295 385 334 451 aa
614 382 828 438 manamos
849 381 960 437 amaa
978 380 1014 434 v.
1221 381 1254 443 (v.
1267 380 1339 442 ⁵³⁵.)

295 517 391 582 Sorte
408 508 518 579 dedit?
538 523 618 577 tune
634 508 699 576 hoc
715 509 771 575 vix
788 509 897 601 prima
915 504 968 574 ad.
979 503 1093 572 limina
1113 504 1189 570 vitae

295 637 399 702 Hoste
412 629 524 724 jaces?
543 654 586 698 an
607 644 644 696 ut
664 629 742 696 inde
760 652 854 696 sacer
870 650 931 722 per
945 619 1063 694 sucula
1080 624 1193 692 Graiis

295 751 478 837 Gentibus,
497 765 530 819 et
547 763 641 817 tanto
658 746 781 843 dignus
798 767 964 816 morerere
980 738 1155 835 sepulcro?

295 872 429 941 Occidis
444 886 598 940 extremae
611 868 788 938 destrictus
802 862 939 935 verbere
951 847 1064 930 caudae

295 997 419 1088 lgnaro
433 1004 587 1086 serpente
600 1013 684 1084 puer
697 1014 706 1056 ε
722 987 806 1079 fugit
819 983 906 1051 ilicet
918 995 1010 1049 artus

296 1116 457 1200 Somnus,
472 1127 505 1180 et
520 1113 555 1180 in
569 1109 673 1178 solam
685 1115 861 1201 patuerunt
874 1098 1001 1170 lumina
1015 1120 1168 1174 mortem.

345 1234 461 1321 Quum
481 1247 592 1300 tamen
612 1225 747 1297 attonito
764 1221 907 1289 moriens
927 1224 1056 1316 vagitus
1076 1225 1111 1292 in
1129 1251 1227 1295 auras

296 1353 446 1441 Excidit,
468 1367 502 1421 et
519 1349 625 1442 ruptis
645 1340 811 1413 immutuit
829 1364 887 1409 ore
907 1341 1068 1438 querelis,

297 1471 420 1562 Qualia
441 1496 507 1540 non
528 1481 611 1536 totas
628 1475 790 1556 peragunt
810 1460 974 1530 insomnia
993 1488 1108 1552 voces,

297 1592 411 1666 Audiit
429 1582 622 1683 Hypsipyle,
642 1577 837 1673 facilemque
854 1583 1011 1675 negantia
1028 1609 1163 1654 cursum

297 1709 466 1785 Exanimis
485 1725 592 1800 genua
609 1724 696 1794 aegra
713 1701 819 1795 rapit3
833 1702 904 1793 jam
923 1718 1014 1772 certa
1032 1687 1196 1777 malorum

296 1831 418 1903 Mentis
437 1826 479 1894 ab
498 1820 657 1917 auguri0,
676 1846 857 1917 sparsoque
877 1848 938 1918 per
957 1827 1070 1894 omnia
1088 1829 1161 1897 visu

295 1957 429 2023 Lustrat
446 1946 586 2013 humum
608 1968 776 2038 quaerens,
799 1960 833 2013 et
853 1961 933 2015 nota
953 1947 1115 2017 vocabula
1135 1975 1239 2042 parvo

295 2069 526 2163 Nequicquam
538 2065 765 2160 ingeminans:
778 2092 943 2160 nusquam
956 2067 1029 2153 ille,
1039 2084 1073 2138 et
1082 2085 1177 2162 prata
1186 2086 1336 2139 recentes

296 2191 443 2260 Amisere
460 2200 555 2254 notas
573 2212 581 2253 :
598 2187 696 2254 viridi
713 2189 808 2283 piger
824 2189 963 2256 accubat
978 2188 1082 2257 hostis

295 2305 460 2378 Collectus
481 2329 581 2399 gyro,
603 2307 815 2399 spatiosaque
831 2307 951 2399 jugera
969 2303 1127 2399 complet,

294 2429 348 2497 Sic
365 2426 463 2494 etiam
481 2422 617 2515 obliqua
635 2425 796 2492 cervicem
816 2439 971 2520 expostus
990 2426 1024 2492 in
1043 2421 1127 2491 alvo.

293 2546 433 2615 Horruit
449 2542 563 2613 infelix
582 2545 672 2631 visu,
692 2541 860 2638 longoque
878 2542 1084 2638 profundum

292 2665 445 2735 Incendit
464 2664 607 2733 clamore
626 2688 741 2734 nemus
762 2690 770 2733 :
793 2689 853 2734 nec
874 2665 1008 2733 territus
1028 2663 1101 2752 ille,

294 2786 359 2855 Sed
375 2787 475 2879 jacet.
495 2784 667 2880 Argolicas
687 2783 833 2855 ululatus
854 2783 971 2854 flebilis
991 2809 1086 2854 aures

293 2906 430 3000 Impulit
452 2933 459 2974 :
480 2905 645 3000 extemplo
666 2909 796 2977 monitu
815 2907 908 2976 ducis
928 2905 1061 2975 advolat
1081 2906 1198 2975 ardens

292 3028 395 3094 Arcas
409 3051 524 3119 eques,
539 3052 737 3120 causamque
752 3026 861 3096 refert.
874 3029 960 3096 Tum
972 3052 1161 3119 squammea
1174 3028 1307 3095 demum

291 3148 422 3213 Torvus
441 3145 482 3212 ad
501 3170 670 3215 armorum
687 3147 797 3216 radios
816 3147 1050 3240 fremitumque
1064 3148 1212 3215 virorum

293 3261 388 3331 Colla
409 3280 520 3333 movet
540 3292 547 3334 ε
570 3270 659 3360 rapit
679 3268 804 3361 ingenti
823 3269 997 3336 conamine
1017 3291 1151 3349 saxum,

292 3384 370 3470 Quo
389 3381 548 3453 discretus
568 3409 661 3479 ager,
680 3411 865 3480 vacuasque
882 3386 1021 3481 impellit
1039 3388 1073 3454 in
1090 3411 1187 3454 auras

292 3501 424 3570 Arduus
442 3502 694 3594 Hippomedon,
713 3531 780 3597 quo
798 3507 929 3576 turbine
946 3495 1063 3576 bellica
1080 3504 1249 3598 quondam

290 3619 421 3688 Librati
440 3619 563 3690 saliunt
583 3637 754 3717 portarurn
774 3627 808 3693 in
827 3625 971 3696 claustra
991 3625 1142 3714 molares.

290 3741 390 3806 Cassa
412 3740 488 3809 duci
510 3743 643 3812 virtus:
666 3770 742 3813 nam
764 3745 876 3816 mollia
896 3746 979 3817 colla
1000 3746 1131 3815 refusus

289 3858 329 3924 In
349 3871 478 3952 tergum
498 3886 632 3956 serpens
652 3868 838 3935 venientem
857 3870 1053 3937 exhauserat
1070 3870 1185 3937 ictum.

289 3977 357 4045 Dat
374 3979 519 4049 sonitum
539 3981 652 4070 tellus,
671 4011 912 4083 nemorumque
931 4015 990 4084 per
1007 4014 1084 4058 aera
1103 3986 1197 4056 densi

70 4654 338 4976 fl
