2812 5258
267 441 318 510 154
617 443 645 494 r.
667 439 789 495 runnu
808 438 930 493 srarn
1154 418 1158 424 ’
1192 434 1224 496 tv.
1238 437 1298 500 29.)

263 566 429 649 Hectoris,
449 563 620 631 Haemonio
637 563 744 655 pudor
760 576 810 630 est
827 560 964 629 servisse
984 559 1112 626 marito.

312 688 388 753 Non
404 709 465 777 ego
484 707 565 773 quas
582 681 640 751 lati
658 697 766 750 certus
786 681 847 750 sibi
863 703 942 748 voce
961 701 1082 746 canora

267 804 403 872 Inferias
422 803 594 897 praemittit
610 801 705 870 olor:
722 826 781 868 nec
798 825 881 894 rupe
896 797 987 892 quod
1001 812 1072 865 atra

263 923 439 1015 Tyrrhenae
455 920 604 991 volucres
625 922 733 989 nautis
750 917 911 1013 praedulce
929 919 1098 988 minantur

267 1044 306 1109 ln
324 1042 446 1135 patrios
465 1040 628 1108 adhibebo
645 1063 760 1133 rogos3
778 1064 844 1106 non
862 1062 1032 1106 murmure
1050 1053 1168 1108 trunco

266 1160 367 1250 Quod
386 1160 508 1253 gemit,
526 1155 562 1226 et'
576 1158 655 1226 dirae
670 1159 819 1250 queritur
838 1155 1020 1227 Philomela
1036 1161 1159 1243 sorori3

264 1281 353 1348 Nota
371 1279 469 1347 nimis
486 1279 551 1345 vati
571 1304 578 1345 :
598 1278 670 1369 quis
690 1301 756 1345 non
776 1277 809 1343 in
827 1275 943 1345 funera
961 1292 1096 1345 cunctos

264 1396 437 1466 Heliadum
456 1421 580 1484 ramos,
598 1394 842 1490 lacrymosaque
860 1396 1007 1488 germina
1023 1394 1134 1480 duxit,

264 1522 307 1586 Et
324 1517 503 1610 Phrygium
524 1515 662 1601 silicem,
679 1528 779 1606 atque
798 1537 915 1582 ausum
933 1516 1097 1587 contraria
1113 1517 1241 1588 Phoebo

264 1638 436 1721 Carmina,
457 1659 516 1703 nec
533 1633 618 1702 loeda
638 1635 781 1727 gavisam
800 1631 933 1703 Pallada
949 1632 1061 1703 buxo?

264 1759 311 1823 Te
329 1756 435 1822 Pietas
454 1753 556 1823 oblita
572 1754 695 1839 virum,
714 1766 931 1845 revocataque
948 1752 1031 1823 coelo

264 1874 414 1958 lustitia,
432 1887 466 1940 ct
482 1873 612 1964 gemina
628 1870 761 1968 planget
779 1871 947 1939 Facundia
966 1870 1095 1966 lingua,

264 1996 309 2061 Et
325 1991 448 2080 Pallas,
466 1991 621 2083 doctique
636 1992 754 2060 cohors
771 1989 939 2060 Heliconia
959 1992 1094 2075 Phoebi3

265 2113 350 2200 Quis
370 2113 478 2180 bonor
493 2112 617 2180 Aonios
634 2136 713 2180 seno
730 2111 812 2204 pede
828 2111 949 2181 ducere
968 2126 1099 2199 cantus,

265 2234 307 2300 Et
325 2233 443 2323 quibus
458 2231 599 2301 Arcadia
616 2255 748 2299 carmen
766 2230 930 2299 testudine
946 2231 1066 2301 mensis

265 2356 353 2420 Cura
374 2350 457 2445 lyre,
475 2375 661 2443 nomenque
679 2350 761 2436 fuit3
778 2374 925 2443 quosque
943 2351 1024 2420 orbe
1040 2352 1101 2423 sub
1116 2354 1209 2421 omni

264 2469 378 2540 Ardua
396 2485 528 2563 septena
546 2484 698 2537 numerat
713 2471 880 2561 Sapientia
897 2469 1002 2558 fama,

265 2590 334 2676 Qui
353 2589 472 2674 furias,
490 2612 672 2681 regumque
689 2586 799 2674 dolos,
817 2612 996 2682 aversaque
1013 2587 1095 2657 coelo

265 2709 379 2778 Sidera
399 2708 544 2779 terrifico
561 2733 660 2801 super
676 2710 851 2776 intonuere
866 2709 1047 2791 cothurno;

264 2833 306 2899 Et
324 2829 397 2922 quis
416 2828 535 2899 lasciva
551 2831 637 2898 vires
654 2844 790 2898 tenuare
807 2827 924 2900 Thalia

264 2946 389 3033 Dulce,
407 2947 459 3016 vel
479 2949 597 3017 heroos
617 2974 731 3043 gressu
751 2964 905 3019 truncare
923 2963 1064 3019 tenores.

266 3069 387 3135 Omnia
405 3094 546 3162 namque
567 3070 677 3138 animo
698 3069 904 3162 complexus,
920 3083 952 3137 et
969 3069 1123 3139 omnibus
1140 3084 1263 3141 auctor

267 3187 344 3274 Qua
363 3189 453 3257 fandi
472 3191 525 3257 via
542 3187 609 3258 lata
624 3202 716 3283 patet
733 3215 741 3257 :
760 3190 829 3256 sire
845 3213 920 3258 orsa
935 3186 1057 3258 libebat

266 3308 382 3376 Aoniis
398 3311 523 3378 vincire
541 3311 662 3394 modis,
679 3334 736 3378 seu
752 3335 832 3378 voce
850 3309 957 3381 soluta

266 3429 440 3520 Spargere,
459 3442 491 3496 et
507 3429 632 3497 effreno
649 3429 778 3497 nimbos
795 3452 924 3521 aequare
939 3428 1080 3523 profatu.

312 3550 434 3616 Exsere
452 3549 629 3617 semirutos
648 3550 758 3617 subito
777 3549 818 3619 de
840 3548 975 3642 pulvere
991 3550 1120 3637 vultus,

266 3669 489 3760 Parthenope,
507 3668 697 3760 crinemque
714 3669 826 3739 afflato
842 3686 954 3740 moute
969 3669 1089 3764 sepulti

266 3791 355 3855 Pone
373 3813 472 3881 super
492 3787 654 3874 tumulos,
673 3805 706 3858 et
722 3794 832 3885 magui
852 3791 951 3861 funus
966 3791 1110 3879 alumni,

266 3911 342 3996 Quo
358 3932 425 3974 non
442 3907 629 4000 Munychiae
646 3909 826 4004 quidquam
844 3913 1052 4004 prestantius
1070 3935 1177 3996 arces,

266 4032 413 4097 Doctave
431 4031 573 4120 Cyrene,
592 4030 748 4122 Sparteve
765 4029 911 4105 animosa
931 4033 1065 4103 creavit.
