2812 5258
677 436 886 490 'rflssnunos
906 435 1014 489 UBER
1033 434 1072 488 11.
1284 436 1402 501 (amq

367 563 438 627 Jam
459 558 637 627 Telamona
655 557 739 642 solo,
755 558 822 649 jam
840 571 979 624 stratum
998 557 1111 624 Ixiona
1128 553 1300 648 linquens,

366 683 432 765 Te,
449 678 629 771 Meleagre,
646 677 734 744 subit
751 677 817 742 :ibi
835 675 969 742 demum
984 674 1119 768 cuspide
1133 672 1199 743 lata

367 799 481 881 Haesit,
500 812 533 863 et
554 797 674 863 obnixo
693 795 816 862 serrum
838 795 959 863 laxavit
973 796 1008 861 in
1026 818 1127 862 armo.

413 913 501 983 Talis
518 914 625 981 adhuc
643 914 810 1006 trepidum
830 914 926 1006 liquit
942 911 1143 1004 Calydonius
1161 912 1262 983 beroe

365 1034 565 1118 Concilium,
585 1030 775 1099 infrendens
795 1031 857 1123 ipsi
876 1055 935 1098 ceu
955 1055 1058 1123 regna
1075 1044 1261 1123 negentur:

365 1155 572 1245 Festinatque
590 1151 678 1235 vias,
694 1173 887 1240 ramumque
905 1150 1070 1241 precantis
1087 1146 1181 1217 olivae

365 1272 486 1364 Abjicit
502 1297 510 1338 :
527 1273 675 1339 attonitae
694 1282 855 1336 tectorum
873 1292 913 1335 ex
928 1265 1074 1335 eulmine
1090 1292 1221 1337 summo

362 1393 575 1482 Prospectant
592 1403 733 1473 matres,
752 1410 903 1478 saevoque
918 1384 1052 1452 infanda
1068 1401 1247 1478 precantur

362 1507 516 1592 OEnidae,
535 1509 699 1597 tacitoque
716 1503 814 1572 simul
831 1503 892 1571 sub
910 1518 1043 1596 pectore
1057 1505 1138 1597 regi.

409 1629 481 1695 Nec
499 1627 591 1718 piger
604 1624 738 1716 ingenio
755 1621 932 1706 scelerum,
949 1621 1138 1716 fraudisque
1153 1623 1308 1699 nefanda

360 1748 481 1812 Rector
497 1758 570 1836 eget
584 1742 765 1834 :juvenum
781 1739 863 1809 fidos
881 1738 1055 1811 lectissima
1075 1741 1163 1811 bello

360 1866 508 1956 Corpora
525 1886 613 1930 nunc
633 1862 756 1954 pretio,
778 1886 866 1929 nunc
883 1860 939 1929 ille
958 1862 1167 1932 hortantibus
1181 1866 1304 1937 ardus

360 1981 519 2050 Sollicitat
535 1980 646 2065 dictis,
662 1996 891 2073 nocturnaque
912 1980 1027 2074 proelia
1043 2006 1147 2051 savus

359 2101 513 2181 Instruit,
529 2114 560 2168 et
575 2113 725 2167 sanctum
740 2099 870 2193 populis
887 2125 947 2194 per
964 2099 1080 2170 saecula
1094 2126 1219 2173 nomen

358 2226 516 2314 Legatum
537 2218 678 2303 insidiis,
696 2219 861 2311 tacitoque
876 2218 1030 2287 invadere
1051 2218 1157 2305 ferro,

359 2339 466 2431 (Quid
481 2341 591 2432 regnis
608 2361 674 2404 non
691 2334 755 2404 vile
765 2336 802 2430 Ρ)
818 2340 910 2431 cupit
930 2364 939 2405 τ
956 2362 1037 2430 quas
1053 2354 1219 2431 quereret
1235 2356 1320 2415 artae

356 2457 392 2523 Si
410 2457 560 2540 fratrem,
581 2460 745 2543 Fortuna,
764 2454 877 2523 dares?
896 2480 917 2524 o
936 2481 1020 2525 osaea
1037 2471 1219 2527 nocentum

357 2570 516 2644 Consilia!
534 2598 555 2641 ο
575 2597 704 2667 semper
718 2573 871 2643 timidum
891 2572 1010 2643 scelus!
1026 2576 1093 2645 exit
1111 2576 1148 2647 in
1163 2602 1267 2649 unum

355 2692 449 2761 Plebs
464 2690 552 2761 ferro
565 2692 675 2785 jurata
692 2707 809 2786 eaput:
832 2719 892 2762 ceu
909 2708 1016 2765 castra
1034 2692 1146 2767 subire

355 2814 515 2904 Apparet,
536 2827 594 2880 aut
615 2809 738 2880 celsum
756 2812 880 2881 crebris
902 2815 1058 2883 arietibus
1076 2815 1167 2886 urbis

352 2927 514 2996 Inclinare
532 2927 616 2997 latus
634 2956 642 2997 τ
664 2931 754 2999 densi
772 2933 819 2999 sic
837 2935 968 3024 agmine
984 2933 1071 3003 facto
1143 2978 1147 2983 -

352 3047 602 3140 Quinquaginta
618 3049 691 3116 altis
710 3050 897 3118 funduntur
914 3053 947 3118 in
963 3052 1079 3120 ordine
1091 3054 1210 3147 portu

352 3162 460 3229 Macte
479 3164 599 3247 animi,
615 3166 712 3231 tantis
730 3166 847 3259 dignus
863 3171 920 3261 qui
932 3168 1071 3239 crederis
1092 3172 1205 3240 armis.

399 3279 475 3343 Fert
485 3279 536 3345 via
556 3305 614 3371 per
629 3281 746 3352 dumos
761 3289 920 3378 propior,
955 3313 1021 3382 qua
1038 3288 1121 3359 calle
1140 3288 1258 3361 latenti

350 3389 582 3477 Praeclaram,
602 3396 774 3492 densaeque
786 3401 897 3496 legunt
915 3408 1110 3500 compendia
1127 3407 1231 3479 silvae.

349 3509 449 3576 Lecta
468 3507 551 3577 dolis
564 3513 664 3583 sedes.
683 3516 812 3587 Gemini
831 3521 947 3612 procul
963 3526 1043 3594 urbe
1058 3524 1215 3621 malignis

349 3626 510 3694 Faucibus
527 3646 685 3722 urgentur
700 3633 818 3721 colles,
838 3662 920 3730 quos
939 3644 1057 3712 umbra
1075 3650 1213 3739 superni

348 3746 491 3832 Montis,
510 3761 542 3815 et
556 3749 699 3817 incurvis
719 3750 879 3823 claudunt
890 3758 968 3849 juga
980 3761 1117 3831 frondea
1135 3762 1254 3837 silvis:

347 3861 483 3932 insidias
498 3879 615 3935 natura
634 3865 717 3955 loeo,
736 3894 920 3967 caecamque
936 3876 1058 3948 latendi

347 3983 470 4052 Struxit
490 4009 585 4078 opem
606 4012 613 4054 :
635 3987 758 4059 medias
775 4007 865 4062 arcte
877 4011 964 4067 secat
976 4024 1091 4093 aspera
1103 4024 1207 4096 rupes
