2812 5258
254 475 309 550 196
561 468 778 535 Tkfflssatnos
799 469 913 524 LIBER
933 469 967 524 x.
1176 467 1209 530 (v.
1224 468 1298 532 sas.)

249 597 447 670 Conclamat
465 594 626 691 gaudens,
646 610 747 690 atque
768 594 903 690 ignibus
919 592 1035 689 implet
1052 595 1210 665 honestis.

296 724 438 813 Jamque
456 719 519 787 iter
531 716 573 786 ad
585 742 700 786 muros
716 741 818 786 cursu
835 715 980 786 festinus
989 714 1109 785 anhelo

249 842 406 927 Obtinet,
426 855 461 908 et
477 840 615 909 miseros
633 837 756 934 gaudet
772 839 893 907 vitasse
908 840 1076 934 parentem

249 964 364 1051 Quum
375 963 761 1056 genitor;steteruntque
771 959 887 1046 ambo,
901 973 1004 1029 etvox
1015 961 1110 1028 haesit
1127 961 1301 1052 utrimque

248 1084 462 1177 Dejectaeque
480 1106 587 1177 genae3
607 1080 741 1149 tandem
759 1094 856 1176 pater
877 1095 954 1150 ante
972 1079 1151 1174 profatur:

297 1206 412 1292 «Quis
430 1227 537 1273 novus
557 1204 698 1298 inceptis
715 1203 995 1297 rapuitto‘casus
1014 1201 1057 1271 ab
1074 1200 1200 1270 armis?

248 1296 333 1415 Quas
349 1324 440 1396 bello
456 1326 612 1421 graviora
633 1324 752 1419 paras?
770 1322 840 1412 dic,
859 1339 957 1412 nate,
973 1324 1145 1417 precanti,

247 1450 320 1517 Cur
336 1448 395 1517 tibi
414 1462 512 1517 torva
530 1445 636 1515 acies?
654 1446 787 1516 cur-hic
809 1444 1021 1515 truculentus
1041 1446 1150 1515 inore
1236 1484 1241 1492 ·

248 1558 382 1639 Pallor?
397 1583 430 1638 et
448 1569 490 1637 ad
505 1567 631 1662 patrios
646 1592 714 1635 non
731 1580 821 1635 stant
837 1581 893 1635 tua
911 1566 1037 1635 lumina
1057 1563 1188 1635 vultus?

248 1691 379 1761 Audisti
394 1713 567 1784 responsa,
582 1687 694 1784 palam*
709 1702 760 1757 est
776 1713 784 1756 :
803 1713 863 1782 per
876 1714 939 1784 ego
951 1672 1021 1787 ⁸oro
1038 1704 1199 1781 tuosque,

248 1812 352 1896 Nate,
374 1834 532 1904 meosque
545 1834 666 1898 annos,
686 1810 882 1904 miseraeque
901 1835 960 1904 per
976 1810 1081 1880 ubera
1099 1811 1233 1898 matris,

248 1932 405 2018 Nerati,
425 1956 467 2000 ne
487 1929 603 2017 crede,
625 1955 733 2027 puer:
752 1933 917 2026 Superine
932 1930 1110 2026 profanum

248 2052 450 2145 Dignantur
461 2052 634 2122 stimulare
652 2053 783 2123 senem?
800 2054 860 2122 cui·
871 2051 983 2122 vultus
1002 2055 1127 2138 inanis,

247 2175 478 2267 Exstinctique
494 2175 610 2262 orbes,
628 2191 662 2244 et
680 2200 778 2270 poena
793 2173 960 2244 simillima
979 2173 1054 2244 diro

248 2292 564 2389 OEdipoclae?·quid
582 2297 609 2363 si
630 2295 758 2364 insidiis
769 2304 788 2381 ,⁴2
801 2309 833 2363 et
854 2293 1101 2364 fraudedolosa

248 2390 319 2485 Rex
335 2411 422 2507 agit?
440 2428 585 2482 extrema
607 2427 657 2487 est
672 2414 727 2481 cui
746 2427 859 2515 nostra
879 2416 912 2480 in
930 2427 1019 2481 sorte
1039 2415 1151 2482 timori

249 2533 432 2621 Nobilitas,
451 2548 575 2626 tuaque
593 2547 671 2602 ante
692 2533 793 2602 duces
812 2533 983 2602 notissima
1002 2533 1131 2602 virtus?

247 2653 343 2725 Illius
360 2655 430 2724 haeo
445 2654 559 2725 forsan
579 2679 710 2742 remur,
727 2678 802 2750 quae
821 2654 922 2725 verba
940 2658 1088 2725 Deorum

246 2775 308 2846 Ille
323 2793 437 2847 monet
453 2803 461 2846 :
478 2802 520 2847 ne
541 2776 636 2848 frena
657 2779 770 2849 animo
782 2779 938 2873 permitte
954 2776 1076 2846 calenti
1097 2802 1104 2844 :

246 2902 300 2970 Da
320 2901 480 2994 spatium,
498 2916 701 2994 tenuemque
720 2925 848 2971 moram
866 2926 873 2968 :
892 2898 977 2968 male
993 2914 1113 2969 cuncta
1128 2901 1296 2971 ministrat

248 3020 400 3114 Impetus
417 3046 425 3088 :
446 3021 529 3105 hoc,
547 3046 623 3109 oro,
640 3047 762 3091 munus
779 3018 924 3090 'concede
940 3021 1082 3113 parenti.

248 3138 304 3207 stc
323 3154 381 3208 tua
399 3143 539 3210 maturis
558 3143 734 3236 signentur
754 3134 903 3234 tempora
921 3141 1033 3228 oanis,

247 3261 290 3327 Et
308 3262 352 3329 sis
369 3263 440 3354 ipse
457 3287 594 3355 parens,
615 3262 706 3331 etad
724 3263 833 3349 hunc,
851 3263 1023 3348 animose,
1044 3266 1198 3332 timorem

247 3379 426 3449 Pervenias
444 3407 453 3449 ε
474 3406 516 3450 ne
535 3406 637 3477 perge
653 3405 744 3450 meos
763 3382 882 3451 orbare
901 3399 1046 3477 penates.

248 3500 385 3567 Externi
403 3515 437 3568 te
453 3525 574 3596 nempe
595 3516 723 3595 patres,
742 3501 918 3596 alienaque
934 3519 1079 3601 tangunt

248 3618 415 3712 Pignora?
431 3622 458 3689 si
476 3620 670 3715 pudorem,
688 3625 835 3718 primum
851 3625 1009 3696 miserere
1028 3641 1173 3697 tuorum.

246 3740 324 3807 Haec
344 3740 469 3832 pietas,
491 3741 546 3810 hio
563 3765 662 3812 verus
683 3743 809 3834 honos,
830 3746 875 3814 ibi
892 3744 997 3841 gloria
1018 3762 1148 3818 tantum

247 3861 501 3955 Ventosumque
517 3860 635 3952 decus,
654 3865 808 3960 titulique
825 3842 859 3937 in
877 3883 985 3939 morte
1001 3867 1151 3940 latentes.

246 3981 320 4052 Neo
335 3982 472 4052 timidus
487 3999 519 4052 te
536 3983 634 4056 flecto
650 4012 770 4083 parens
789 4015 797 4056 :
815 3989 843 4076 i,
864 3974 980 4084 proelia
999 3995 1117 4080 misce,

249 4103 316 4180 Per
332 4106 465 4176 Danaas
484 4108 587 4198 acies,
608 4108 802 4204 mediosque
821 4134 881 4206 per
901 4111 1018 4182 obvius
1039 4137 1151 4202 enses,
