<?xml version="1.0" encoding="UTF-8"?>
<!DOCTYPE html PUBLIC "-//W3C//DTD XHTML 1.0 Transitional//EN"
    "http://www.w3.org/TR/xhtml1/DTD/xhtml1-transitional.dtd">
<html xmlns="http://www.w3.org/1999/xhtml" xml:lang="en" lang="en">
 <head>
  <title>
</title>
<meta http-equiv="Content-Type" content="text/html;charset=utf-8" />
  <meta name='ocr-system' content='tesseract 3.04.00' />
  <meta name='ocr-capabilities' content='ocr_page ocr_carea ocr_par ocr_line ocrx_word'/>
</head>
<body>
  <div class='ocr_page' id='page_1' title='image "./publiipapiniist01statgoog_0579.png"; bbox 0 0 2812 5258; ppageno 0'>
   <div class='ocr_carea' id='block_1_1' title="bbox 183 448 1224 510">
    <p class='ocr_par' dir='ltr' id='par_1_1' title="bbox 183 448 1224 510">
     <span class='ocr_line' id='line_1_1' title="bbox 183 448 1224 510; baseline -0.012 -3"><span class='ocrx_word' id='word_1_1' title='bbox 183 451 240 507; x_wconf 71' lang='lat' dir='ltr'>atu</span> <span class='ocrx_word' id='word_1_2' title='bbox 468 448 719 507; x_wconf 72' lang='lat' dir='ltr'>Actttnnsstuus</span> <span class='ocrx_word' id='word_1_3' title='bbox 741 449 854 503; x_wconf 70' lang='lat' dir='ltr'>lautu</span> <span class='ocrx_word' id='word_1_4' title='bbox 874 450 910 505; x_wconf 85' lang='lat' dir='ltr'>tt.</span> <span class='ocrx_word' id='word_1_5' title='bbox 1103 448 1138 509; x_wconf 83' lang='lat' dir='ltr'>(v.</span> <span class='ocrx_word' id='word_1_6' title='bbox 1153 451 1224 510; x_wconf 74' lang='lat' dir='ltr'>art.)</span> 
     </span>
    </p>
   </div>
   <div class='ocr_carea' id='block_1_2' title="bbox 158 570 1163 4132">
    <p class='ocr_par' dir='ltr' id='par_1_2' title="bbox 158 570 1163 4132">
     <span class='ocr_line' id='line_1_2' title="bbox 185 570 1117 666; baseline -0.006 -20"><span class='ocrx_word' id='word_1_7' title='bbox 185 584 275 647; x_wconf 88' lang='lat' dir='ltr'>Rura</span> <span class='ocrx_word' id='word_1_8' title='bbox 298 575 461 666; x_wconf 78' lang='lat' dir='ltr'>urbesque</span> <span class='ocrx_word' id='word_1_9' title='bbox 480 585 596 639; x_wconf 84' lang='lat' dir='ltr'>vacant</span> <span class='ocrx_word' id='word_1_10' title='bbox 618 597 626 638; x_wconf 76' lang='grc' dir='ltr'><strong><em>ε</em></strong></span> <span class='ocrx_word' id='word_1_11' title='bbox 647 586 778 640; x_wconf 89' lang='lat' dir='ltr'>montes</span> <span class='ocrx_word' id='word_1_12' title='bbox 791 571 1003 665; x_wconf 72' lang='lat' dir='ltr'>spoliavimus</span> <span class='ocrx_word' id='word_1_13' title='bbox 1020 570 1117 640; x_wconf 86' lang='lat' dir='ltr'>altos.</span> 
     </span>
     <span class='ocr_line' id='line_1_3' title="bbox 182 688 1046 782; baseline -0.007 -16"><span class='ocrx_word' id='word_1_14' title='bbox 182 703 291 767; x_wconf 83' lang='lat' dir='ltr'>Omne</span> <span class='ocrx_word' id='word_1_15' title='bbox 308 695 428 763; x_wconf 67' lang='lat' dir='ltr'>buum</span> <span class='ocrx_word' id='word_1_16' title='bbox 449 689 548 782; x_wconf 81' lang='lat' dir='ltr'>ionga</span> <span class='ocrx_word' id='word_1_17' title='bbox 567 688 716 758; x_wconf 84' lang='lat' dir='ltr'>veiorum</span> <span class='ocrx_word' id='word_1_18' title='bbox 733 691 900 760; x_wconf 75' lang='lat' dir='ltr'><strong>obtexitur</strong></span> <span class='ocrx_word' id='word_1_19' title='bbox 917 692 1046 760; x_wconf 89' lang='lat' dir='ltr'>umbra.</span> 
     </span>
     <span class='ocr_line' id='line_1_4' title="bbox 182 810 1060 904; baseline -0.007 -19"><span class='ocrx_word' id='word_1_20' title='bbox 182 821 210 885; x_wconf 87' lang='grc' dir='ltr'>Τ</span> <span class='ocrx_word' id='word_1_21' title='bbox 211 816 331 885; x_wconf 82' lang='lat' dir='ltr'>radunt</span> <span class='ocrx_word' id='word_1_22' title='bbox 348 836 439 881; x_wconf 80' lang='lat' dir='ltr'>arnna</span> <span class='ocrx_word' id='word_1_23' title='bbox 457 824 585 904; x_wconf 87' lang='lat' dir='ltr'>patres,</span> <span class='ocrx_word' id='word_1_24' title='bbox 606 811 674 878; x_wconf 89' lang='lat' dir='ltr'>ruit</span> <span class='ocrx_word' id='word_1_25' title='bbox 689 810 872 880; x_wconf 82' lang='lat' dir='ltr'>irrevocata</span> <span class='ocrx_word' id='word_1_26' title='bbox 891 812 1060 903; x_wconf 86' lang='lat' dir='ltr'>juventus.</span> 
     </span>
     <span class='ocr_line' id='line_1_5' title="bbox 183 929 950 1024; baseline -0.008 -19"><span class='ocrx_word' id='word_1_27' title='bbox 183 939 258 1005; x_wconf 87' lang='lat' dir='ltr'>Non</span> <span class='ocrx_word' id='word_1_28' title='bbox 274 933 352 1002; x_wconf 82' lang='lat' dir='ltr'>alias</span> <span class='ocrx_word' id='word_1_29' title='bbox 371 954 518 1024; x_wconf 88' lang='lat' dir='ltr'>unquam</span> <span class='ocrx_word' id='word_1_30' title='bbox 533 943 634 998; x_wconf 79' lang='lat' dir='ltr'>tantae</span> <span class='ocrx_word' id='word_1_31' title='bbox 651 929 728 998; x_wconf 87' lang='lat' dir='ltr'>data</span> <span class='ocrx_word' id='word_1_32' title='bbox 742 931 837 1023; x_wconf 87' lang='lat' dir='ltr'>copia</span> <span class='ocrx_word' id='word_1_33' title='bbox 855 929 950 999; x_wconf 83' lang='lat' dir='ltr'>famae</span> 
     </span>
     <span class='ocr_line' id='line_1_6' title="bbox 183 1051 1048 1142; baseline -0.013 -19"><span class='ocrx_word' id='word_1_34' title='bbox 183 1055 353 1139; x_wconf 81' lang='lat' dir='ltr'>Fortibus,</span> <span class='ocrx_word' id='word_1_35' title='bbox 371 1066 431 1119; x_wconf 86' lang='lat' dir='ltr'>aut</span> <span class='ocrx_word' id='word_1_36' title='bbox 449 1073 568 1142; x_wconf 88' lang='lat' dir='ltr'>campo</span> <span class='ocrx_word' id='word_1_37' title='bbox 586 1051 712 1142; x_wconf 85' lang='lat' dir='ltr'>majore</span> <span class='ocrx_word' id='word_1_38' title='bbox 729 1051 874 1117; x_wconf 84' lang='lat' dir='ltr'>exercita</span> <span class='ocrx_word' id='word_1_39' title='bbox 894 1052 1009 1119; x_wconf 90' lang='lat' dir='ltr'>virtus.</span> <span class='ocrx_word' id='word_1_40' title='bbox 1030 1080 1048 1112; x_wconf 67' lang='lat' dir='ltr'>a</span> 
     </span>
     <span class='ocr_line' id='line_1_7' title="bbox 182 1167 1084 1266; baseline -0.003 -24"><span class='ocrx_word' id='word_1_41' title='bbox 182 1174 332 1266; x_wconf 79' lang='lat' dir='ltr'><strong>Adspicit</strong></span> <span class='ocrx_word' id='word_1_42' title='bbox 347 1173 530 1255; x_wconf 88' lang='lat' dir='ltr'>intentum,</span> <span class='ocrx_word' id='word_1_43' title='bbox 547 1167 704 1263; x_wconf 80' lang='lat' dir='ltr'>vigilique</span> <span class='ocrx_word' id='word_1_44' title='bbox 722 1169 790 1236; x_wconf 82' lang='lat' dir='ltr'>baec</span> <span class='ocrx_word' id='word_1_45' title='bbox 805 1193 886 1236; x_wconf 88' lang='lat' dir='ltr'>aure</span> <span class='ocrx_word' id='word_1_46' title='bbox 901 1169 1084 1254; x_wconf 80' lang='lat' dir='ltr'>bibentem,</span> 
     </span>
     <span class='ocr_line' id='line_1_8' title="bbox 181 1287 1093 1384; baseline -0.007 -23"><span class='ocrx_word' id='word_1_47' title='bbox 181 1294 294 1381; x_wconf 91' lang='lat' dir='ltr'>Quum</span> <span class='ocrx_word' id='word_1_48' title='bbox 313 1304 456 1384; x_wconf 85' lang='lat' dir='ltr'>paveant</span> <span class='ocrx_word' id='word_1_49' title='bbox 473 1287 559 1371; x_wconf 82' lang='lat' dir='ltr'>aiiae,</span> <span class='ocrx_word' id='word_1_50' title='bbox 575 1287 780 1380; x_wconf 84' lang='lat' dir='ltr'>demissaque</span> <span class='ocrx_word' id='word_1_51' title='bbox 799 1287 924 1357; x_wconf 89' lang='lat' dir='ltr'>lumina</span> <span class='ocrx_word' id='word_1_52' title='bbox 942 1288 1093 1374; x_wconf 88' lang='lat' dir='ltr'>flectant,</span> 
     </span>
     <span class='ocr_line' id='line_1_9' title="bbox 183 1408 1163 1505; baseline -0.003 -25"><span class='ocrx_word' id='word_1_53' title='bbox 183 1417 291 1505; x_wconf 78' lang='lat' dir='ltr'>Atque</span> <span class='ocrx_word' id='word_1_54' title='bbox 309 1413 404 1478; x_wconf 87' lang='lat' dir='ltr'>iterat</span> <span class='ocrx_word' id='word_1_55' title='bbox 426 1435 435 1477; x_wconf 74' lang='grc' dir='ltr'><strong>ε</strong></span> <span class='ocrx_word' id='word_1_56' title='bbox 457 1408 651 1500; x_wconf 81' lang='lat' dir='ltr'>«Quisquis</span> <span class='ocrx_word' id='word_1_57' title='bbox 669 1410 801 1501; x_wconf 86' lang='lat' dir='ltr'>proavis</span> <span class='ocrx_word' id='word_1_58' title='bbox 816 1423 851 1477; x_wconf 88' lang='lat' dir='ltr'>ct</span> <span class='ocrx_word' id='word_1_59' title='bbox 865 1422 964 1502; x_wconf 82' lang='lat' dir='ltr'>geute</span> <span class='ocrx_word' id='word_1_60' title='bbox 981 1408 1163 1502; x_wconf 86' lang='lat' dir='ltr'>superbus,</span> 
     </span>
     <span class='ocr_line' id='line_1_10' title="bbox 181 1526 1147 1624; baseline -0.003 -25"><span class='ocrx_word' id='word_1_61' title='bbox 181 1533 340 1624; x_wconf 83' lang='lat' dir='ltr'>Quisquis</span> <span class='ocrx_word' id='word_1_62' title='bbox 356 1554 443 1622; x_wconf 94' lang='lat' dir='ltr'>equo</span> <span class='ocrx_word' id='word_1_63' title='bbox 457 1526 632 1622; x_wconf 86' lang='lat' dir='ltr'>jaculoque</span> <span class='ocrx_word' id='word_1_64' title='bbox 649 1542 783 1620; x_wconf 89' lang='lat' dir='ltr'>potens,</span> <span class='ocrx_word' id='word_1_65' title='bbox 800 1530 857 1621; x_wconf 92' lang='lat' dir='ltr'>qui</span> <span class='ocrx_word' id='word_1_66' title='bbox 872 1526 1027 1622; x_wconf 79' lang='lat' dir='ltr'>praevaiet</span> <span class='ocrx_word' id='word_1_67' title='bbox 1043 1552 1147 1613; x_wconf 89' lang='lat' dir='ltr'>arcu,</span> 
     </span>
     <span class='ocr_line' id='line_1_11' title="bbox 182 1640 930 1742; baseline -0.007 -22"><span class='ocrx_word' id='word_1_68' title='bbox 182 1652 300 1720; x_wconf 90' lang='lat' dir='ltr'>Omnis</span> <span class='ocrx_word' id='word_1_69' title='bbox 318 1651 425 1718; x_wconf 90' lang='lat' dir='ltr'>honos</span> <span class='ocrx_word' id='word_1_70' title='bbox 441 1646 509 1718; x_wconf 84' lang='lat' dir='ltr'>illic</span> <span class='ocrx_word' id='word_1_71' title='bbox 527 1673 535 1717; x_wconf 72' lang='grc' dir='ltr'><strong>ι</strong></span> <span class='ocrx_word' id='word_1_72' title='bbox 553 1640 620 1716; x_wconf 83' lang='lat' dir='ltr'>iilic</span> <span class='ocrx_word' id='word_1_73' title='bbox 636 1648 780 1742; x_wconf 83' lang='lat' dir='ltr'>ingentia</span> <span class='ocrx_word' id='word_1_74' title='bbox 801 1661 930 1717; x_wconf 76' lang='lat' dir='ltr'>certant</span> 
     </span>
     <span class='ocr_line' id='line_1_12' title="bbox 183 1767 1091 1862; baseline -0.004 -22"><span class='ocrx_word' id='word_1_75' title='bbox 183 1772 326 1840; x_wconf 85' lang='lat' dir='ltr'>Nomina</span> <span class='ocrx_word' id='word_1_76' title='bbox 344 1795 352 1835; x_wconf 76' lang='grc' dir='ltr'><strong>ε</strong></span> <span class='ocrx_word' id='word_1_77' title='bbox 371 1770 425 1836; x_wconf 86' lang='lat' dir='ltr'>vix</span> <span class='ocrx_word' id='word_1_78' title='bbox 440 1767 565 1837; x_wconf 78' lang='lat' dir='ltr'>timidae</span> <span class='ocrx_word' id='word_1_79' title='bbox 579 1781 718 1850; x_wconf 86' lang='lat' dir='ltr'>matres,</span> <span class='ocrx_word' id='word_1_80' title='bbox 738 1769 793 1837; x_wconf 80' lang='lat' dir='ltr'>vix</span> <span class='ocrx_word' id='word_1_81' title='bbox 811 1770 944 1862; x_wconf 80' lang='lat' dir='ltr'>agmina</span> <span class='ocrx_word' id='word_1_82' title='bbox 961 1783 1091 1838; x_wconf 85' lang='lat' dir='ltr'>cessant</span> 
     </span>
     <span class='ocr_line' id='line_1_13' title="bbox 183 1885 1146 1984; baseline -0.001 -27"><span class='ocrx_word' id='word_1_83' title='bbox 183 1892 342 1984; x_wconf 81' lang='lat' dir='ltr'>Virginea</span> <span class='ocrx_word' id='word_1_84' title='bbox 362 1912 369 1954; x_wconf 91' lang='lat'><strong>:</strong></span> <span class='ocrx_word' id='word_1_85' title='bbox 390 1888 445 1956; x_wconf 89' lang='lat' dir='ltr'>bic</span> <span class='ocrx_word' id='word_1_86' title='bbox 465 1885 606 1957; x_wconf 78' lang='lat' dir='ltr'>multum</span> <span class='ocrx_word' id='word_1_87' title='bbox 626 1885 753 1957; x_wconf 85' lang='lat' dir='ltr'>steriles</span> <span class='ocrx_word' id='word_1_88' title='bbox 769 1887 944 1958; x_wconf 89' lang='lat' dir='ltr'>damnatus</span> <span class='ocrx_word' id='word_1_89' title='bbox 963 1889 996 1956; x_wconf 91' lang='lat' dir='ltr'>in</span> <span class='ocrx_word' id='word_1_90' title='bbox 1017 1913 1146 1973; x_wconf 80' lang='lat' dir='ltr'>annos,</span> 
     </span>
     <span class='ocr_line' id='line_1_14' title="bbox 183 2006 1125 2102; baseline -0.005 -23"><span class='ocrx_word' id='word_1_91' title='bbox 183 2011 378 2101; x_wconf 83' lang='lat' dir='ltr'>invisusque</span> <span class='ocrx_word' id='word_1_92' title='bbox 397 2007 494 2089; x_wconf 90' lang='lat' dir='ltr'>Deis,</span> <span class='ocrx_word' id='word_1_93' title='bbox 512 2008 657 2100; x_wconf 84' lang='lat' dir='ltr'>siquem</span> <span class='ocrx_word' id='word_1_94' title='bbox 677 2007 747 2075; x_wconf 81' lang='lat' dir='ltr'>boec</span> <span class='ocrx_word' id='word_1_95' title='bbox 766 2033 852 2076; x_wconf 87' lang='lat' dir='ltr'>nova</span> <span class='ocrx_word' id='word_1_96' title='bbox 869 2006 974 2102; x_wconf 84' lang='lat' dir='ltr'>gioria</span> <span class='ocrx_word' id='word_1_97' title='bbox 991 2030 1125 2102; x_wconf 73' lang='lat' dir='ltr'>segnem</span> 
     </span>
     <span class='ocr_line' id='line_1_15' title="bbox 184 2127 1138 2223; baseline -0.002 -25"><span class='ocrx_word' id='word_1_98' title='bbox 184 2130 335 2199; x_wconf 84' lang='lat' dir='ltr'>Praetcrit</span> <span class='ocrx_word' id='word_1_99' title='bbox 354 2154 362 2197; x_wconf 90' lang='lat'>:</span> <span class='ocrx_word' id='word_1_100' title='bbox 383 2157 401 2193; x_wconf 73' lang='lat' dir='ltr'>a</span> <span class='ocrx_word' id='word_1_101' title='bbox 417 2128 539 2196; x_wconf 79' lang='lat' dir='ltr'>exisset</span> <span class='ocrx_word' id='word_1_102' title='bbox 556 2128 688 2214; x_wconf 75' lang='lat' dir='ltr'>stratis,</span> <span class='ocrx_word' id='word_1_103' title='bbox 707 2129 770 2197; x_wconf 89' lang='lat' dir='ltr'>nisi</span> <span class='ocrx_word' id='word_1_104' title='bbox 786 2127 925 2222; x_wconf 87' lang='lat' dir='ltr'>provida</span> <span class='ocrx_word' id='word_1_105' title='bbox 943 2132 1037 2223; x_wconf 82' lang='lat' dir='ltr'>signo</span> <span class='ocrx_word' id='word_1_106' title='bbox 1135 2144 1138 2153; x_wconf 87' lang='lat'>&#39;</span> 
     </span>
     <span class='ocr_line' id='line_1_16' title="bbox 185 2246 969 2333; baseline 0 -15"><span class='ocrx_word' id='word_1_107' title='bbox 185 2247 357 2318; x_wconf 84' lang='lat' dir='ltr'>Deidamia</span> <span class='ocrx_word' id='word_1_108' title='bbox 375 2246 472 2333; x_wconf 88' lang='lat' dir='ltr'>dato,</span> <span class='ocrx_word' id='word_1_109' title='bbox 490 2261 626 2314; x_wconf 74' lang='lat' dir='ltr'>evinctas</span> <span class='ocrx_word' id='word_1_110' title='bbox 644 2246 776 2317; x_wconf 83' lang='lat' dir='ltr'>hortata</span> <span class='ocrx_word' id='word_1_111' title='bbox 797 2272 944 2333; x_wconf 89' lang='lat' dir='ltr'>sorores,</span> <span class='ocrx_word' id='word_1_112' title='bbox 966 2272 969 2279; x_wconf 91' lang='lat'>·</span> 
     </span>
     <span class='ocr_line' id='line_1_17' title="bbox 183 2364 1062 2459; baseline 0.002 -25"><span class='ocrx_word' id='word_1_113' title='bbox 183 2367 350 2459; x_wconf 88' lang='lat' dir='ltr'>Liquisset</span> <span class='ocrx_word' id='word_1_114' title='bbox 370 2388 520 2448; x_wconf 78' lang='lat' dir='ltr'>mensas,</span> <span class='ocrx_word' id='word_1_115' title='bbox 537 2365 646 2456; x_wconf 88' lang='lat' dir='ltr'>ipsum</span> <span class='ocrx_word' id='word_1_116' title='bbox 665 2364 866 2456; x_wconf 82' lang='lat' dir='ltr'>complexa:</span> <span class='ocrx_word' id='word_1_117' title='bbox 885 2368 943 2434; x_wconf 87' lang='lat' dir='ltr'>sed</span> <span class='ocrx_word' id='word_1_118' title='bbox 962 2367 1062 2436; x_wconf 82' lang='lat' dir='ltr'>haeret</span> 
     </span>
     <span class='ocr_line' id='line_1_18' title="bbox 182 2481 1042 2577; baseline -0.003 -24"><span class='ocrx_word' id='word_1_119' title='bbox 182 2484 371 2577; x_wconf 84' lang='lat' dir='ltr'>Respiciens</span> <span class='ocrx_word' id='word_1_120' title='bbox 388 2481 557 2567; x_wconf 83' lang='lat' dir='ltr'>Ithacum,</span> <span class='ocrx_word' id='word_1_121' title='bbox 575 2494 729 2572; x_wconf 85' lang='lat' dir='ltr'>coetuque</span> <span class='ocrx_word' id='word_1_122' title='bbox 750 2483 948 2552; x_wconf 87' lang='lat' dir='ltr'>novissimus</span> <span class='ocrx_word' id='word_1_123' title='bbox 966 2486 1042 2552; x_wconf 83' lang='lat' dir='ltr'>exit</span> 
     </span>
     <span class='ocr_line' id='line_1_19' title="bbox 229 2599 1149 2695; baseline 0.002 -25"><span class='ocrx_word' id='word_1_124' title='bbox 229 2602 289 2671; x_wconf 86' lang='lat' dir='ltr'>Ille</span> <span class='ocrx_word' id='word_1_125' title='bbox 306 2599 439 2695; x_wconf 89' lang='lat' dir='ltr'>quidem</span> <span class='ocrx_word' id='word_1_126' title='bbox 456 2601 590 2695; x_wconf 89' lang='lat' dir='ltr'>incepto</span> <span class='ocrx_word' id='word_1_127' title='bbox 607 2599 756 2695; x_wconf 87' lang='lat' dir='ltr'>paullum</span> <span class='ocrx_word' id='word_1_128' title='bbox 773 2626 815 2672; x_wconf 86' lang='lat' dir='ltr'>ex</span> <span class='ocrx_word' id='word_1_129' title='bbox 832 2625 980 2672; x_wconf 84' lang='lat' dir='ltr'>sermone</span> <span class='ocrx_word' id='word_1_130' title='bbox 1000 2603 1149 2691; x_wconf 79' lang='lat' dir='ltr'>remisit,</span> 
     </span>
     <span class='ocr_line' id='line_1_20' title="bbox 182 2720 1110 2817; baseline -0.002 -24"><span class='ocrx_word' id='word_1_131' title='bbox 182 2728 291 2793; x_wconf 88' lang='lat' dir='ltr'>Pauca</span> <span class='ocrx_word' id='word_1_132' title='bbox 310 2736 417 2790; x_wconf 85' lang='lat' dir='ltr'>tamen</span> <span class='ocrx_word' id='word_1_133' title='bbox 434 2721 605 2817; x_wconf 80' lang='lat' dir='ltr'>jungens:</span> <span class='ocrx_word' id='word_1_134' title='bbox 624 2751 641 2786; x_wconf 75' lang='lat' dir='ltr'>a</span> <span class='ocrx_word' id='word_1_135' title='bbox 659 2728 700 2793; x_wconf 73' lang='lat' dir='ltr'>At</span> <span class='ocrx_word' id='word_1_136' title='bbox 717 2739 753 2793; x_wconf 92' lang='lat' dir='ltr'>tu</span> <span class='ocrx_word' id='word_1_137' title='bbox 773 2720 970 2816; x_wconf 78' lang='lat' dir='ltr'>tranquillus</span> <span class='ocrx_word' id='word_1_138' title='bbox 990 2723 1024 2790; x_wconf 88' lang='lat' dir='ltr'>in</span> <span class='ocrx_word' id='word_1_139' title='bbox 1043 2720 1110 2791; x_wconf 81' lang='lat' dir='ltr'>alta</span> 
     </span>
     <span class='ocr_line' id='line_1_21' title="bbox 182 2842 975 2936; baseline -0.004 -24"><span class='ocrx_word' id='word_1_140' title='bbox 182 2848 265 2912; x_wconf 88' lang='lat' dir='ltr'>Pace</span> <span class='ocrx_word' id='word_1_141' title='bbox 285 2865 397 2919; x_wconf 86' lang='lat' dir='ltr'>mane,</span> <span class='ocrx_word' id='word_1_142' title='bbox 414 2842 566 2935; x_wconf 86' lang='lat' dir='ltr'>carisque</span> <span class='ocrx_word' id='word_1_143' title='bbox 587 2868 666 2936; x_wconf 86' lang='lat' dir='ltr'>para</span> <span class='ocrx_word' id='word_1_144' title='bbox 687 2843 850 2911; x_wconf 89' lang='lat' dir='ltr'>connubia</span> <span class='ocrx_word' id='word_1_145' title='bbox 868 2843 975 2927; x_wconf 85' lang='lat' dir='ltr'>natis,</span> 
     </span>
     <span class='ocr_line' id='line_1_22' title="bbox 181 2959 967 3053; baseline 0 -23"><span class='ocrx_word' id='word_1_146' title='bbox 181 2966 274 3051; x_wconf 88' lang='lat' dir='ltr'>Quas</span> <span class='ocrx_word' id='word_1_147' title='bbox 293 2961 353 3030; x_wconf 86' lang='lat' dir='ltr'>tibi</span> <span class='ocrx_word' id='word_1_148' title='bbox 372 2960 505 3030; x_wconf 85' lang='lat' dir='ltr'>sidereis</span> <span class='ocrx_word' id='word_1_149' title='bbox 524 2961 677 3032; x_wconf 89' lang='lat' dir='ltr'>divarum</span> <span class='ocrx_word' id='word_1_150' title='bbox 696 2959 839 3029; x_wconf 88' lang='lat' dir='ltr'>vultibus</span> <span class='ocrx_word' id='word_1_151' title='bbox 858 2985 967 3053; x_wconf 76' lang='lat' dir='ltr'>aequas</span> 
     </span>
     <span class='ocr_line' id='line_1_23' title="bbox 185 3080 1120 3177; baseline 0 -27"><span class='ocrx_word' id='word_1_152' title='bbox 185 3085 262 3150; x_wconf 86' lang='lat' dir='ltr'>Sors</span> <span class='ocrx_word' id='word_1_153' title='bbox 279 3080 370 3149; x_wconf 88' lang='lat' dir='ltr'>dedit</span> <span class='ocrx_word' id='word_1_154' title='bbox 389 3097 520 3150; x_wconf 77' lang='lat' dir='ltr'>:utine</span> <span class='ocrx_word' id='word_1_155' title='bbox 539 3080 619 3150; x_wconf 83' lang='lat' dir='ltr'>oiim</span> <span class='ocrx_word' id='word_1_156' title='bbox 638 3083 772 3150; x_wconf 87' lang='lat' dir='ltr'>tacitum</span> <span class='ocrx_word' id='word_1_157' title='bbox 790 3084 973 3151; x_wconf 88' lang='lat' dir='ltr'>reverentia</span> <span class='ocrx_word' id='word_1_158' title='bbox 995 3080 1120 3177; x_wconf 85' lang='lat' dir='ltr'>tangit!</span> 
     </span>
     <span class='ocr_line' id='line_1_24' title="bbox 183 3201 1021 3294; baseline -0.004 -25"><span class='ocrx_word' id='word_1_159' title='bbox 183 3205 214 3269; x_wconf 90' lang='lat' dir='ltr'>ls</span> <span class='ocrx_word' id='word_1_160' title='bbox 230 3202 328 3270; x_wconf 89' lang='lat' dir='ltr'>decor</span> <span class='ocrx_word' id='word_1_161' title='bbox 348 3216 415 3287; x_wconf 88' lang='lat' dir='ltr'>est,</span> <span class='ocrx_word' id='word_1_162' title='bbox 433 3201 548 3270; x_wconf 81' lang='lat' dir='ltr'>formae</span> <span class='ocrx_word' id='word_1_163' title='bbox 566 3202 687 3294; x_wconf 87' lang='lat' dir='ltr'>species</span> <span class='ocrx_word' id='word_1_164' title='bbox 704 3201 868 3292; x_wconf 82' lang='lat' dir='ltr'>permixta</span> <span class='ocrx_word' id='word_1_165' title='bbox 883 3201 982 3271; x_wconf 89' lang='lat' dir='ltr'>virili.</span> <span class='ocrx_word' id='word_1_166' title='bbox 1004 3232 1021 3266; x_wconf 77' lang='lat' dir='ltr'>s</span> 
     </span>
     <span class='ocr_line' id='line_1_25' title="bbox 231 3315 1060 3413; baseline -0.004 -25"><span class='ocrx_word' id='word_1_167' title='bbox 231 3322 385 3388; x_wconf 88' lang='lat' dir='ltr'>Occurrit</span> <span class='ocrx_word' id='word_1_168' title='bbox 399 3323 553 3413; x_wconf 80' lang='lat' dir='ltr'>genitor:</span> <span class='ocrx_word' id='word_1_169' title='bbox 572 3348 588 3382; x_wconf 76' lang='lat' dir='ltr'>n</span> <span class='ocrx_word' id='word_1_170' title='bbox 604 3315 697 3404; x_wconf 88' lang='lat' dir='ltr'>Quid</span> <span class='ocrx_word' id='word_1_171' title='bbox 714 3319 741 3386; x_wconf 89' lang='lat' dir='ltr'>si</span> <span class='ocrx_word' id='word_1_172' title='bbox 759 3320 902 3388; x_wconf 85' lang='lat' dir='ltr'>Bacchea</span> <span class='ocrx_word' id='word_1_173' title='bbox 923 3319 1060 3389; x_wconf 81' lang='lat' dir='ltr'>ferentes</span> 
     </span>
     <span class='ocr_line' id='line_1_26' title="bbox 183 3437 954 3532; baseline 0 -25"><span class='ocrx_word' id='word_1_174' title='bbox 183 3440 304 3532; x_wconf 81' lang='lat' dir='ltr'>Orgia,</span> <span class='ocrx_word' id='word_1_175' title='bbox 322 3437 485 3508; x_wconf 75' lang='lat' dir='ltr'>Palladius</span> <span class='ocrx_word' id='word_1_176' title='bbox 502 3452 560 3508; x_wconf 85' lang='lat' dir='ltr'>aut</span> <span class='ocrx_word' id='word_1_177' title='bbox 578 3439 704 3506; x_wconf 89' lang='lat' dir='ltr'>circum</span> <span class='ocrx_word' id='word_1_178' title='bbox 722 3437 842 3508; x_wconf 88' lang='lat' dir='ltr'>videris</span> <span class='ocrx_word' id='word_1_179' title='bbox 858 3440 954 3508; x_wconf 82' lang='lat' dir='ltr'>aras?</span> 
     </span>
     <span class='ocr_line' id='line_1_27' title="bbox 181 3555 1094 3639; baseline -0.002 -15"><span class='ocrx_word' id='word_1_180' title='bbox 181 3559 224 3624; x_wconf 88' lang='lat' dir='ltr'>Et</span> <span class='ocrx_word' id='word_1_181' title='bbox 242 3555 413 3639; x_wconf 86' lang='lat' dir='ltr'>dabimus,</span> <span class='ocrx_word' id='word_1_182' title='bbox 430 3557 457 3625; x_wconf 88' lang='lat' dir='ltr'>si</span> <span class='ocrx_word' id='word_1_183' title='bbox 473 3557 559 3625; x_wconf 83' lang='lat' dir='ltr'>forte</span> <span class='ocrx_word' id='word_1_184' title='bbox 577 3580 682 3625; x_wconf 88' lang='lat' dir='ltr'>novus</span> <span class='ocrx_word' id='word_1_185' title='bbox 697 3560 910 3626; x_wconf 85' lang='lat' dir='ltr'>cunctabitur</span> <span class='ocrx_word' id='word_1_186' title='bbox 928 3564 1058 3629; x_wconf 79' lang='lat' dir='ltr'>Auster.</span> <span class='ocrx_word' id='word_1_187' title='bbox 1079 3592 1094 3624; x_wconf 65' lang='grc' dir='ltr'>ι,</span> 
     </span>
     <span class='ocr_line' id='line_1_28' title="bbox 182 3674 1015 3770; baseline 0 -24"><span class='ocrx_word' id='word_1_188' title='bbox 182 3675 361 3768; x_wconf 79' lang='lat' dir='ltr'>Excipiunt</span> <span class='ocrx_word' id='word_1_189' title='bbox 378 3674 510 3766; x_wconf 90' lang='lat' dir='ltr'>cupidi,</span> <span class='ocrx_word' id='word_1_190' title='bbox 529 3691 563 3745; x_wconf 90' lang='lat' dir='ltr'>et</span> <span class='ocrx_word' id='word_1_191' title='bbox 579 3678 687 3746; x_wconf 88' lang='lat' dir='ltr'>tacitis</span> <span class='ocrx_word' id='word_1_192' title='bbox 702 3701 777 3770; x_wconf 88' lang='lat' dir='ltr'>spes</span> <span class='ocrx_word' id='word_1_193' title='bbox 793 3675 904 3746; x_wconf 85' lang='lat' dir='ltr'>addita</span> <span class='ocrx_word' id='word_1_194' title='bbox 921 3680 1015 3748; x_wconf 89' lang='lat' dir='ltr'>votis.</span> 
     </span>
     <span class='ocr_line' id='line_1_29' title="bbox 232 3791 956 3894; baseline 0.004 -31"><span class='ocrx_word' id='word_1_195' title='bbox 232 3796 350 3863; x_wconf 89' lang='lat' dir='ltr'>Cetera</span> <span class='ocrx_word' id='word_1_196' title='bbox 368 3791 526 3886; x_wconf 88' lang='lat' dir='ltr'>depositis</span> <span class='ocrx_word' id='word_1_197' title='bbox 543 3799 740 3890; x_wconf 85' lang='lat' dir='ltr'>Lycomedis</span> <span class='ocrx_word' id='word_1_198' title='bbox 760 3801 848 3894; x_wconf 82' lang='lat' dir='ltr'>regia</span> <span class='ocrx_word' id='word_1_199' title='bbox 869 3801 956 3869; x_wconf 89' lang='lat' dir='ltr'>curis</span> 
     </span>
     <span class='ocr_line' id='line_1_30' title="bbox 182 3910 982 4014; baseline 0.005 -32"><span class='ocrx_word' id='word_1_200' title='bbox 182 3910 374 4006; x_wconf 80' lang='lat' dir='ltr'>Tranquillo</span> <span class='ocrx_word' id='word_1_201' title='bbox 394 3914 455 3983; x_wconf 92' lang='lat' dir='ltr'>sub</span> <span class='ocrx_word' id='word_1_202' title='bbox 473 3940 555 4010; x_wconf 83' lang='lat' dir='ltr'>pnes</span> <span class='ocrx_word' id='word_1_203' title='bbox 574 3916 662 4003; x_wconf 89' lang='lat' dir='ltr'>silet,</span> <span class='ocrx_word' id='word_1_204' title='bbox 682 3919 739 3988; x_wconf 91' lang='lat' dir='ltr'>sed</span> <span class='ocrx_word' id='word_1_205' title='bbox 756 3918 856 4014; x_wconf 79' lang='lat' dir='ltr'>longa</span> <span class='ocrx_word' id='word_1_206' title='bbox 874 3921 982 4014; x_wconf 82' lang='lat' dir='ltr'>sagaci</span> 
     </span>
     <span class='ocr_line' id='line_1_31' title="bbox 158 4033 1137 4132; baseline 0.003 -30"><span class='ocrx_word' id='word_1_207' title='bbox 158 4051 162 4066; x_wconf 81' lang='grc'><strong>“</strong></span> <span class='ocrx_word' id='word_1_208' title='bbox 184 4035 259 4102; x_wconf 84' lang='lat' dir='ltr'>Nox</span> <span class='ocrx_word' id='word_1_209' title='bbox 278 4033 395 4102; x_wconf 84' lang='lat' dir='ltr'>Ithaco</span> <span class='ocrx_word' id='word_1_210' title='bbox 414 4061 421 4102; x_wconf 93' lang='lat'><strong>:</strong></span> <span class='ocrx_word' id='word_1_211' title='bbox 441 4034 613 4130; x_wconf 86' lang='lat' dir='ltr'>lucemque</span> <span class='ocrx_word' id='word_1_212' title='bbox 634 4040 747 4132; x_wconf 90' lang='lat' dir='ltr'>cupit,</span> <span class='ocrx_word' id='word_1_213' title='bbox 769 4064 952 4132; x_wconf 85' lang='lat' dir='ltr'>somnoque</span> <span class='ocrx_word' id='word_1_214' title='bbox 972 4053 1137 4132; x_wconf 79' lang='lat' dir='ltr'>gravatur.</span> 
     </span>
    </p>
   </div>
   <div class='ocr_carea' id='block_1_3' title="bbox 0 0 1410 5258">
    <p class='ocr_par' dir='ltr' id='par_1_3' title="bbox 0 0 1410 5258">
     <span class='ocr_line' id='line_1_32' title="bbox 0 0 1410 5258; baseline 0 0"><span class='ocrx_word' id='word_1_215' title='bbox 0 0 1410 5258; x_wconf 95' lang='lat' dir='ltr'> </span> 
     </span>
    </p>
   </div>
  </div>
 </body>
</html>
