2812 5258
288 487 342 552 ψ
584 470 798 528 runmmos
819 469 935 527 utana
956 472 991 529 x.
1204 474 1237 535 (v.
1254 471 1327 533 ωε.)

284 609 384 675 Nunc
400 602 532 672 humilis
549 610 657 694 genua
673 597 894 694 amplectens,
912 620 1003 670 nuuc
1022 622 1082 668 ora
1099 601 1249 668 canentis

285 727 511 820 Nequiquam
528 723 667 790 reticere
686 735 784 817 rogat
803 748 811 790 :
825 722 897 816 jam
913 720 1000 790 sama
1016 734 1180 790 sacratam

284 851 408 916 tom
423 841 574 936 amplexa
589 839 697 932 volat,
714 839 925 937 clamantque
941 840 1077 912 oracula
1092 841 1226 911 Thebae.

331 969 447 1049 Nunc,
462 988 538 1058 age,
556 965 631 1057 qula
645 961 797 1034 stimulos
814 978 847 1033 et
863 962 1011 1058 pulchrae
1030 961 1152 1058 gaudia
1162 964 1285 1031 mortis

281 1084 456 1155 Addiderit
471 1085 587 1178 juveni
610 1083 739 1179 (neque
761 1085 850 1153 enim
872 1085 943 1154 haec
962 1082 1156 1154 absentibus
1177 1102 1329 1176 unquam

213 1274 218 1283 ,
281 1208 377 1274 Mens
390 1206 519 1274 homini
539 1208 730 1276 transmissa
748 1205 843 1303 Deis)
861 1230 990 1276 memor
1009 1207 1119 1300 incipe
1137 1203 1227 1292 Clio,

281 1326 407 1394 Saecula
427 1343 459 1395 te
478 1329 637 1420 ‘quoniam
658 1351 760 1422 penes
779 1339 812 1395 et
832 1327 960 1423 digesta
979 1333 1135 1397 vetustas.

328 1450 416 1517 Diva
431 1450 522 1517 Jovis
539 1445 623 1516 solio
640 1448 737 1540 juxta
751 1472 879 1536 comes,
898 1447 989 1515 uude
1004 1463 1064 1542 per
1082 1446 1197 1515 orbem

280 1572 370 1636 Rara
390 1569 481 1649 dari,
506 1567 668 1659 tetrisque
687 1562 771 1635 solet
790 1568 986 1662 contingam
1011 1569 1137 1652 virtus;

282 1690 347 1758 Seu
366 1703 461 1782 pater
478 1687 690 1781 omnipotens
710 1687 931 1773 tribuit,.sive
950 1689 1024 1783 ipsa
1042 1712 1180 1781 capaces

279 1807 390 1901 Elegit
408 1821 583 1902 penetrare
601 1809 708 1897 siros,
726 1807 914 1878 coelestibus
930 1824 969 1878 ut
987 1833 1077 1880 nunc

280 1926 425 1998 Desiluit
440 1931 552 2023 gavisa
567 1928 673 2025 plagis
693 1929 800 2000 :dant
817 1928 907 2000 clara
924 1933 1049 2000 meanti

280 2055 379 2119 Astra
395 2049 526 2137 locum,
542 2075 693 2146 quosque
708 2053 780 2146 ipsa
797 2051 883 2148 polis
897 2050 1047 2122 affixerat
1066 2055 1169 2147 ignes.

279 2175 422 2266 Jamque
441 2176 566 2268 premit
584 2160 706 2261 terras,
725 2199 788 2242 nec
808 2174 919 2244 vultus
939 2175 982 2243 ab
1000 2175 1123 2243 aethere
1140 2173 1254 2266 longe;

281 2292 346 2361 Sed
362 2292 489 2386 placuit
506 2308 635 2363 mutare
654 2318 754 2386 genas
773 2319 781 2360 :
801 2294 839 2361 lit
855 2293 996 2386 provida
1012 2296 1145 2379 Manto,

280 2414 460 2506 Responsis
477 2427 515 2480 ut
535 2409 636 2506 plana
652 2411 755 2496 fides,
775 2426 809 2479 et
827 2411 944 2481 fraude
965 2415 1093 2507 priores
1128 2456 1152 2479 0,

281 2535 425 2605 Exuitur
444 2531 580 2601 vultus:
600 2531 683 2600 abiit
701 2531 889 2626 horrorque
910 2534 1071 2628 vigorque
1168 2554 1170 2559 ’

282 2659 333 2725 Ex
349 2653 469 2742 oculis,
486 2653 635 2751 paullum
652 2652 782 2725 decoris
799 2656 999 2751 permansit,
1018 2654 1191 2746 honosque

282 2775 435 2860 Mollior,
455 2791 488 2845 et
505 2777 616 2872 posito
633 2791 748 2846 vatum
767 2780 950 2873 gestamina
969 2777 1057 2845 ferro

283 2898 423 2968 Subdita
441 2926 448 2966 :
469 2896 678 2968 descendunt
694 2915 817 2988 vestes,
836 2902 1005 2992 torvisque
1020 2895 1146 2992 ligatur

283 3021 377 3088 Vitta
394 3021 515 3104 comis3
533 3045 609 3089 nam
632 3018 745 3090 laurus
763 3035 849 3105 crat;
868 3034 980 3087 tamen
997 3043 1114 3113 aspera
1131 3014 1281 3112 produnt

282 3144 353 3211 Ora
366 3144 489 3227 Deam,
507 3142 667 3234 nimiique
684 3140 805 3235 gradus
822 3164 830 3206 :
848 3140 895 3208 sic
911 3138 1018 3232 Lydia
1035 3139 1156 3231 conjux

284 3249 605 3355 Amphitryoniaden
623 3274 758 3330 exutum
774 3262 946 3329 horrentia
960 3278 1054 3356 terga

283 3380 426 3450 Perdere
444 3380 599 3449 Sidonios
619 3382 766 3450 humeris
784 3379 915 3452 ridebat
935 3383 1094 3467 amictus,

282 3504 327 3569 Et
341 3502 477 3571 turbare
491 3501 600 3591 colus,
619 3516 652 3570 et
669 3515 828 3597 tympana
843 3529 1000 3599 rumpere
1016 3503 1141 3572 dextra.

332 3622 399 3692 Sed
417 3648 525 3716 neque
543 3637 577 3692 te
598 3622 789 3694 indecorem
810 3627 929 3714 sacris,
950 3626 1154 3720 dignumque
1169 3623 1283 3718 juberi

267 3742 391 3827 Talia,
408 3746 539 3813 Dircaea
560 3757 704 3813 stantem
723 3770 784 3839 pro
802 3761 913 3835 turre,
931 3748 1124 3835 Menoeceu,

283 3866 438 3935 Invenit:
457 3867 623 3934 immensae
639 3882 784 3936 reserato
801 3866 915 3936 limine
934 3856 1037 3963 portae

284 3985 461 4056 Steruebas
478 3988 614 4056 Danaos
634 4014 641 4055 :
661 3989 787 4081 pariter
803 3989 991 4058 Mavortius
1006 3993 1155 4059 Haemon.

285 4107 351 4177 Sed
364 4109 602 4204 consanguinei
622 4110 789 4202 quamvis,
803 4123 904 4204 atque
919 4111 1032 4180 omnia
1045 4110 1181 4196 fratres,
