2812 5258
55 425 171 488 (ιω.)
371 421 584 480 THEBAIDOS
607 419 716 477 LIBER
736 421 785 475 tx.
1034 419 1087 476 153

56 552 191 619 Transit
208 573 305 618 avum
320 547 427 617 :levat
445 549 535 617 unda
553 546 688 642 gradus,
708 570 764 614 seu
781 544 908 614 delluus
928 544 1000 630 ille,

57 671 134 738 Sive
151 667 304 761 obliquus
321 682 393 754 eat3
413 692 472 736 nec
492 691 597 760 quum
618 666 706 735 subit
723 666 858 752 obvius,
876 663 960 734 ullas

57 793 183 883 Stagna
201 787 319 856 dedere
337 812 464 874 moras,
484 789 674 881 pariterque
692 787 868 854 revertitur
887 787 1002 852 amnis.

55 909 135 976 Non
147 906 349 977 Anthedonii
367 907 450 1001 tegit
466 906 605 999 hospitis
616 907 762 1000 ¹inguina
777 919 899 998 pontus

57 1025 232 1112 Blandior,
250 1027 362 1094 aestivo
377 1050 436 1094 nec
455 1049 489 1093 se
506 1027 611 1119 magis
630 1048 763 1116 oeqnore
780 1026 898 1093 Triton

57 1145 189 1233 Exorit,
208 1159 265 1213 aut
283 1168 367 1213 carae
388 1143 526 1212 festinus
545 1142 588 1211 ad
607 1142 720 1212 oscula
736 1145 849 1212 matris

58 1267 170 1354 Quum
189 1277 330 1350 remeat,
352 1260 549 1354 tardumque
568 1263 645 1332 ferit
665 1260 820 1357 delphina
839 1260 1015 1332 Palaemon.

106 1388 207 1453 Arma
225 1381 341 1450 decent
356 1382 524 1470 humeros,
539 1381 735 1477 clypeusque
753 1382 908 1477 insignis,
923 1398 957 1453 et
975 1407 1057 1453 auro

58 1502 221 1589 Lucidus,
238 1502 352 1572 Aoniae
368 1499 502 1570 caelatur
517 1504 645 1596 origine
663 1504 779 1597 gentis.

61 1622 194 1693 Sidonis
211 1623 266 1690 hic
278 1619 390 1690 blandi
409 1647 468 1717 per
484 1621 626 1691 candida
642 1638 735 1718 terga
751 1622 886 1716 juvenci

58 1746 132 1811 Jam
151 1766 266 1811 secura
281 1744 399 1828 maris,
417 1743 538 1811 teneris
553 1743 623 1835 jam
639 1767 765 1811 cornua
785 1741 903 1838 palmis

60 1863 137 1932 Non
159 1875 268 1930 tenet:
284 1862 439 1930 extremis
459 1858 611 1929 alludunt
628 1886 760 1955 aequora
776 1860 909 1955 plantis.
979 1902 982 1909 ·

60 1985 114 2048 Ire
132 1995 227 2073 putes
248 1977 382 2073 clypeo,
396 1977 579 2070 fluctusque
604 2004 713 2047 secare
727 1981 931 2073 juvencum.»

62 2101 209 2194 Adjuvat
224 2099 315 2168 unda
333 2098 451 2187 fidem,
471 2098 589 2195 pelago
607 2126 666 2170 nec
682 2099 823 2169 discolor
838 2103 956 2170 amnis.

109 2223 204 2289 Tunc
221 2220 327 2288 audax
344 2221 471 2313 pariter
487 2219 575 2307 telis,
592 2237 625 2289 et
642 2246 723 2291 voce
738 2237 892 2315 proterva
967 2234 972 2242 ’

62 2339 334 2437 Hippomedonta
352 2341 434 2432 petit
450 2365 458 2407 t
479 2369 496 2402 α
508 2343 585 2408 Non
604 2341 672 2410 haec
687 2341 838 2411 foecunda
855 2365 981 2411 veneno

67 2465 194 2547 Lerna,
211 2484 271 2529 nec
288 2458 455 2529 Herculeis
474 2460 598 2528 hausta
616 2462 822 2555 serpentibus
840 2462 946 2531 nndae.

64 2584 201 2649 Sacrum
212 2604 358 2665 amnem,
369 2603 499 2648 sacrum
511 2580 576 2673 (et,
587 2582 697 2667 miser,
707 2583 905 2677 experiere),
916 2588 1092 2673 Deumque

63 2697 202 2769 Altrices
220 2700 376 2793 irrumpis
390 2722 492 2791 aquas
514 2724 523 2764 ε
543 2728 560 2762 »
578 2698 660 2766 nihil
681 2699 752 2788 ille,
771 2701 827 2769 sed
843 2702 912 2770 ibat

64 2821 224 2888 Cominus
243 2845 250 2886 :
267 2819 424 2913 opposuit
441 2816 574 2886 cumulo
593 2842 627 2885 se
648 2816 780 2887 densior
796 2821 921 2906 amnis,

63 2937 285 3031 Tardavitque
305 2962 440 3007 manum
461 2930 474 3005 τ’
490 2935 607 3006 vulnus
627 2951 735 3004 tamen
753 2935 809 3006 illa
829 2952 991 3007 retentum

63 3056 222 3143 Pertulit,
241 3071 340 3148 atque
360 3059 475 3125 animae
493 3071 562 3124 tota
579 3056 612 3125 in
630 3054 811 3149 penetralia
829 3056 921 3125 sedit.

65 3179 202 3244 Horruit
220 3176 311 3244 unda
329 3175 442 3243 nefas:
464 3173 552 3245 silvae
571 3176 705 3244 flevistis
722 3191 887 3269 unaeque:

66 3298 109 3364 El
124 3298 277 3390 grdvlffl'a
296 3319 383 3365 Cdvae
402 3311 583 3365 SOssuel'Ulll
600 3319 769 3364 murmura
787 3297 876 3390 l'lpae.

68 3413 211 3484 Ultimus
230 3414 285 3484 ille
305 3440 406 3485 sonus
424 3414 623 3484 moribundo
639 3417 770 3484 emersit
790 3416 832 3483 nb
851 3442 926 3503 ore,

65 3563 81 3595 ι.
93 3531 219 3601 Mater!
233 3565 249 3599 u
268 3536 302 3602 in
320 3535 407 3603 hanc
423 3535 532 3603 miseri
553 3533 741 3603 ceciderunt
759 3534 895 3604 llnmina
910 3560 1033 3606 vooem.

115 3654 159 3720 At
180 3653 337 3745 genitrix,
355 3664 442 3724 coetu
461 3653 652 3749 glaucarum
670 3657 777 3722 cincta
797 3679 967 3741 sororum,

67 3772 225 3841 Protinus
244 3772 309 3840 icta
326 3773 431 3862 malo,
451 3776 554 3844 vitrea
571 3773 612 3842 de
630 3772 716 3842 valle
732 3771 855 3843 solutis

67 3888 197 3960 Exsiliit
217 3889 396 3959 furibunda
414 3896 532 3982 comis,
551 3919 590 3964 ac
611 3895 747 3964 verbere
765 3896 881 3964 crebro

67 4011 221 4104 Oraque,
239 4023 458 4104 pectoraque,
477 4028 509 4082 et
527 4014 665 4083 viridem
680 4014 776 4082 scidit
792 4013 927 4083 horrida
941 4029 1073 4082 vestem.
