2812 5258
70 488 94 540 <v
111 496 167 533 ..ω
405 470 592 525 snvmuu
611 471 718 525 mnan
742 475 763 525 1.

72 599 114 664 Et
135 607 281 688 suspecta
300 588 377 659 mali
395 606 555 684 ruperunt
574 590 687 660 nubila
706 597 822 662 somni.

72 713 214 804 Adjuvat
231 713 299 803 ipse
317 715 423 797 Deus,
443 710 623 802 morboque
643 710 804 780 valentius
824 716 914 780 omni

74 833 221 923 Occupat
240 827 405 897 auxilium.
426 829 531 896 Citius
550 852 617 895 non
635 843 705 896 arte
724 829 862 899 relectus

72 947 234 1041 Telephus
252 948 418 1030 AEmonia3
436 970 497 1014 nec
515 971 587 1038 quae
605 950 780 1016 metuentis
796 949 918 1017 Atridae

73 1070 163 1135 Saeva
180 1065 377 1134 Machaonio
394 1070 541 1133 coierunt
560 1063 696 1133 vulnera
716 1091 822 1135 succo.

120 1185 205 1272 Quis
223 1183 319 1270 mihi,
338 1197 386 1252 tot
403 1197 535 1277 questus
554 1186 639 1252 inter
658 1184 836 1278 populique
856 1199 1062 1278 patrumque,

72 1306 121 1371 Sit
139 1328 244 1387 curse,
263 1305 395 1395 votique
415 1300 522 1372 locus?
539 1306 664 1371 Tamen
683 1302 786 1370 ardua
803 1316 905 1370 testor

73 1421 204 1507 Sidera,
226 1434 336 1513 teque,
355 1435 448 1513 pater
466 1436 578 1489 vatum
597 1421 803 1513 Thymbraee,
822 1423 895 1514 quis
914 1424 1004 1489 omni

72 1543 161 1608 Luce
180 1539 276 1625 mihi,
295 1542 367 1632 quis
387 1553 482 1609 nocte
502 1541 614 1624 timor;
633 1539 712 1608 dum
732 1540 879 1632 postibus
896 1541 1021 1608 haerens

71 1657 242 1741 Assiduus,
263 1683 351 1726 nunc
369 1683 448 1727 aure
465 1657 560 1751 vigil,
580 1684 668 1726 nunc
688 1657 825 1743 lumine,
845 1672 961 1727 cuncta

72 1780 241 1869 Aucupor3
260 1779 424 1844 immense
442 1776 542 1845 veluti
561 1802 709 1846 connexa
726 1779 844 1845 carinae

72 1893 198 1984 Cymbe
217 1894 337 1977 minor,
354 1917 455 1984 quum
472 1896 560 1961 saevit
576 1896 696 1982 hiems,
716 1920 777 1989 pro
793 1909 901 1988 parte,
920 1895 1065 1964 furentes

74 2012 179 2077 Parva
199 2021 343 2101 receptat
363 2031 477 2099 aquas,
495 2024 527 2076 et
546 2012 657 2079 eodem
677 2013 821 2081 volvitur
838 2016 971 2082 Austro.

122 2127 250 2195 Nectite
270 2150 359 2194 nunc
378 2123 458 2193 lete
474 2126 646 2195 candentia
664 2128 738 2214 fita,
757 2154 897 2214 sorores,

74 2247 231 2315 Nectite:
251 2268 348 2312 nemo
368 2244 504 2312 modum
524 2248 703 2314 transmissi
723 2260 889 2339 computet
908 2249 982 2333 aevi,

73 2366 134 2433 Hic
151 2365 226 2431 vite
246 2361 362 2431 natalis
380 2364 452 2430 erit.
473 2366 540 2447 Tu,
559 2366 676 2432 Troica
694 2363 813 2456 dignus

72 2480 212 2567 Saecula,
231 2495 264 2549 et
282 2482 417 2551 Euboici
437 2481 667 2550 transcendere
686 2480 829 2573 pulveris
849 2506 968 2567 annos,

72 2602 309 2692 Nestoreosque
328 2602 417 2668 situs.
438 2601 514 2687 Qua
534 2624 622 2668 nunc
642 2599 700 2666 tibi
722 2623 847 2692 pauper
864 2624 977 2669 acerra

74 2721 180 2812 Digna
201 2717 316 2786 litem?
335 2743 396 2786 nec
412 2719 440 2785 si
458 2732 575 2785 vacuet
594 2719 748 2785 Mevania
767 2714 883 2803 valles,

72 2841 137 2907 Aut
157 2849 309 2930 prostent
329 2837 443 2904 niveos
460 2834 630 2904 Clitumna
650 2832 779 2902 novalia
799 2848 931 2921 tauros,

73 2954 256 3041 Sufficiam,
276 2953 333 3023 sed
352 2978 436 3047 saepe
453 2956 533 3022 Deis
550 2954 611 3020 hos
629 2955 715 3021 inter
733 2954 874 3022 honores

72 3077 206 3168 cespes,
227 3086 260 3142 et
279 3075 397 3166 exiguo
416 3071 609 3164 placuerunt
629 3070 715 3139 farra
735 3070 847 3139 salino.
