2812 5258
52 418 167 480 matt.)
369 416 580 474 rmnmos
602 416 710 474 mnan
734 419 783 473 v1.
1053 420 1090 478 65

103 546 246 614 Centum
266 541 311 610 ibi
331 544 516 636 nigrantes,
537 544 675 612 armenti
696 544 835 630 robora,
856 559 966 614 tauros

57 666 162 733 Lenta
178 660 263 730 mole
282 664 437 746 trahunt,
455 661 542 730 idem
563 687 785 756 numerusque
802 662 959 757 colorque

53 782 240 867 Matribus,
259 796 293 850 et
311 781 461 851 nondum
480 780 602 851 lunatis
621 782 731 851 fronte
744 784 904 876 juvencis.

53 903 141 972 Exin
159 903 408 996 magnanimum
425 905 524 972 series
544 905 680 997 antiqua
699 919 872 998 parentum

53 1021 243 1108 Invehitur,
262 1023 354 1091 miris
375 1024 409 1090 in
429 1022 560 1091 vultum
577 1025 723 1092 animata
739 1023 862 1118 figuris.

81 1144 231 1213 ‚Primus
252 1132 460 1211 anhelantem
480 1141 566 1211 duro
584 1144 775 1236 Tirynthius
795 1169 916 1238 angens

52 1264 199 1333 Pectoris
220 1263 336 1331 attritu
356 1286 416 1330 sua
436 1262 558 1357 frangit
577 1265 610 1330 in
630 1288 704 1332 ossa
725 1263 863 1334 leonem.

53 1382 152 1452 Haud
170 1381 265 1452 illum
282 1382 458 1476 impavidi,
478 1385 627 1476 quamvis
646 1398 680 1452 et
697 1386 732 1452 in
750 1409 833 1472 aere,
852 1408 1014 1478 suumque

53 1502 218 1572 Inachidae
237 1502 349 1572 videre
366 1501 465 1572 decus
484 1491 610 1597 :pater
627 1503 743 1573 ordine
757 1507 890 1598 juncto·
1048 1505 1051 1511 ’

53 1626 189 1710 levus,
209 1609 397 1692 arundineas
416 1624 643 1716 recubansque
661 1625 722 1693 snb
742 1649 860 1719 aggere
879 1627 975 1719 ripae,

53 1745 225 1829 Cernitur,
243 1745 433 1836 emissaeque
450 1742 624 1838 indulgens
643 1744 784 1813 Inachus
803 1770 905 1815 urnae.

53 1863 91 1930 Io
111 1877 186 1954 post
203 1876 352 1955 tergum,
371 1864 440 1954 jam
457 1886 581 1954 prona,
601 1861 760 1956 dolorque
780 1867 925 1958 parentis

52 1983 190 2074 Spectat
207 1980 388 2047 inocciduis
407 1977 571 2048 stellatum
591 1980 713 2048 visibus
731 1985 867 2076 Argum.
967 1971 969 1976 ⁵

53 2105 115 2171 Ast
137 2097 227 2167 illam
245 2098 363 2168 melior
381 2099 509 2169 Phariis
527 2116 673 2169 erexerat
693 2103 778 2170 arvis

53 2221 222 2314 Iuppiter,
242 2234 342 2312 atque
360 2221 479 2313 hospes
493 2221 563 2313 jam
581 2236 660 2290 tunc
678 2225 807 2292 Aurora
825 2222 963 2291 colebat.

101 2337 263 2408 Tantalus
281 2338 360 2406 inde
379 2363 514 2433 parens,
535 2365 602 2408 non
620 2342 678 2434 qui
698 2339 886 2410 fallentibus
905 2341 1001 2410 undis

55 2461 227 2548 Imminet,
247 2473 305 2528 aut
322 2441 446 2553 refugae
461 2458 606 2528 sterilem
624 2462 713 2553 rapit
731 2485 808 2530 aera
827 2460 931 2544 silvae,

56 2579 120 2648 Sed
139 2581 227 2674 pius,
248 2594 282 2646 et
300 2579 412 2672 magni
430 2578 565 2648 vehitur
582 2581 723 2649 conviva
740 2583 910 2650 Tonantis.

104 2701 201 2767 Parte
219 2696 284 2766 alia
301 2697 409 2766 victor
425 2722 524 2765 curru
543 2700 713 2790 Neptunia
729 2699 835 2768 tendit

55 2822 144 2888 Lora
161 2816 295 2911 Pelops,
315 2832 507 2912 pressatque
527 2831 615 2885 rotas
634 2818 750 2911 auriga
765 2831 915 2885 namntes

55 2937 226 3031 Myrtilus,
247 2952 280 3006 et
298 2935 425 3007 volucri
441 2921 646 3031 jamjamque
663 2935 861 3031 relinquitur
880 2961 949 3006 axe.

56 3061 100 3127 Et
120 3058 230 3152 gravis
248 3059 414 3142 Acrisius,
433 3040 621 3151 speciesque
637 3057 803 3126 horrenda
819 3056 971 3141 Coimbi,

56 3182 102 3248 Et
119 3180 237 3247 Danae
255 3176 388 3271 culpata
406 3179 512 3265 sinus,
532 3192 565 3246 et
583 3179 616 3245 in
636 3201 732 3246 amne
748 3191 879 3272 reperto

56 3299 173 3367 Tristis
191 3302 393 3391 Amymone,
414 3322 582 3394 parvoque
599 3294 755 3366 Alcmena
772 3296 919 3390 superbit

56 3416 213 3504 Hercule,
232 3417 417 3513 tergemina
434 3418 559 3485 crinem
575 3414 779 3485 circumdata
796 3415 884 3485 luna.

22 3595 27 3604 .
104 3540 254 3631 Iungunt
274 3535 441 3606 discordes
459 3538 592 3607 inimica
610 3538 644 3606 in
662 3536 783 3606 foedera
802 3535 933 3605 dextras

55 3654 178 3727 Belidae
194 3654 324 3745 fratrem
342 3656 513 3727 sed.vultu
530 3636 643 3727 mitior
660 3640 768 3726 adstat

55 3778 233 3870 AEgyptus,
253 3776 362 3844 Danai
377 3758 589 3846 manifestum
607 3801 784 3872 agnoscere
802 3774 879 3843 licto

55 3898 124 3964 Ore
141 3893 248 3981 nefas,
267 3896 422 3988 pacisque
439 3895 548 3984 malae,
567 3897 736 3990 noctisque
754 3894 882 3964 suturae.

55 4012 150 4082 Mille
168 4012 290 4084 dehinc
306 4015 428 4108 species
447 4043 454 4082 :
474 4014 608 4084 tandem
625 4018 742 4084 satiata
760 3998 926 4124 uoluptas,

202 4157 237 4203 u.
575 4166 581 4176 1
910 4127 931 4198 5
950 4192 954 4199 ,
