2812 5258
89 472 122 531 (v.
134 468 203 531 aa)
418 462 611 520 snvinuu
632 463 740 519 rnna
762 466 796 519 v.

89 599 237 664 Caesarea
252 593 372 661 donata
389 587 505 659 mauu!
525 588 614 683 quod
631 589 773 658 subdere
789 591 892 658 robur

89 714 151 783 llla
167 714 250 797 dies,
269 725 430 804 quantum
451 710 560 804 potuit
577 709 756 803 dempsisse
775 705 928 777 senectae!

90 839 164 903 Heu
183 831 272 927 quod
286 856 339 900 me
357 832 461 900 mixta
478 850 619 923 quercus
633 855 700 898 non
719 832 838 925 pressit
851 828 956 917 oliva,

89 958 131 1024 Et
148 953 232 1048 fugit
250 967 398 1049 speratus
412 952 539 1037 honos,
557 972 660 1044 quum
677 955 796 1019 Lustra
811 953 957 1045 parentis

89 1072 205 1143 Invida
219 1074 351 1167 Tarpeii
369 1066 530 1141 canerem!
550 1073 597 1138 Te
614 1084 726 1138 nostra
743 1074 902 1166 magistro

89 1194 229 1264 Thebais
246 1193 383 1287 urgebat
400 1193 583 1286 priscorum
599 1190 731 1258 exordia
749 1205 877 1277 vatum3

89 1317 141 1383 Tu
157 1327 273 1382 cautus
288 1310 458 1381 stimulare
477 1336 582 1397 meos,
602 1325 639 1379 tu
657 1308 800 1404 pandere
820 1311 905 1380 lacta

90 1437 259 1502 Heroum:
275 1430 417 1526 bellique
437 1431 572 1519 modos,
591 1433 782 1525 positusque
800 1430 949 1501 locorum
1067 1439 1071 1447 '

89 1553 307 1621 Monstrabas.
323 1553 428 1622 Labat
445 1553 573 1621 incerto
591 1551 671 1620 mihi
688 1551 790 1621 limite
808 1575 923 1621 cursus

90 1676 137 1741 Te
156 1673 243 1759 siue,
262 1688 295 1742 et
309 1674 434 1742 orbatae
448 1671 591 1767 caligant
611 1670 680 1740 vela
700 1674 829 1740 carinae.

138 1795 210 1862 Nec
228 1791 335 1861 solum
353 1789 446 1885 larga
463 1805 584 1860 memet
601 1794 720 1885 pietate
737 1792 887 1879 fovebas;
990 1860 993 1866 ,

90 1909 178 1980 Talis
195 1927 227 1979 et
242 1914 276 1978 in
293 1908 453 1978 thalamos
471 1934 479 1976 ε
497 1933 565 1978 uua
585 1911 643 1979 tibi
661 1914 793 2006 cognita
812 1912 895 1981 taeda

91 2030 282 2116 Connubia,
306 2052 391 2096 unus
406 2052 518 2114 amor3
535 2043 622 2096 certe
636 2031 806 2124 sejungere
824 2046 963 2100 matrem

90 2152 164 2217 Jam
186 2147 300 2243 gelidis
320 2171 447 2240 nequeo
468 2147 588 2232 bustia3
609 2161 640 2215 te
659 2150 773 2235 sentit,
793 2148 970 2243 habetque,

91 2272 138 2338 Te
154 2268 259 2354 videt,
277 2282 311 2335 et
330 2264 475 2335 tumulos
491 2282 632 2359 ortuque
649 2267 807 2361 obituque
822 2267 956 2354 salutat,

91 2389 140 2457 Ut
158 2390 295 2457 Pharios
313 2387 390 2468 aliae,
405 2387 482 2455 licta
498 2389 621 2481 pietate
637 2386 766 2456 dolores

91 2507 352 2601 Mygdoniosque
371 2505 498 2594 colunt,
516 2521 549 2575 et
566 2532 635 2577 nou
654 2532 712 2575 sua
728 2507 843 2576 funera
857 2507 999 2602 plorant.

139 2627 229 2715 Quid
248 2627 388 2696 referam
403 2628 566 2722 expositos
581 2643 710 2696 servato
726 2627 870 2721 pondere
890 2628 1017 2696 mores?

90 2748 174 2835 Qua·
191 2746 318 2842 pietas?
335 2772 435 2841 quam
454 2745 517 2816 vile
535 2747 683 2817 lucrum?
697 2771 768 2839 quae
787 2771 865 2816 cura
883 2746 1042 2839 pudoris?

91 2869 244 2956 Quantus
260 2891 353 2936 amor
367 2867 470 2936 recti?
490 2892 685 2960 rursusque,
714 2867 771 2934 ubi
787 2864 885 2935 dulce
902 2867 1040 2954 remitti,

91 2990 207 3059 Gratia
227 3014 300 3081 quae
319 2989 434 3058 dictis?
451 2991 563 3057 animo
584 3013 684 3081 quam
702 2985 793 3056 nulla
811 2986 979 3056 senectus?

91 3109 149 3177 His
169 3108 229 3176 tibi
248 3134 309 3202 pro
329 3110 471 3195 meritis,
492 3108 611 3176 lamam
629 3106 807 3201 laudesque
825 3107 983 3201 benignas

89 3227 192 3296 Index
208 3253 287 3297 cura
303 3228 417 3315 deum,
436 3227 594 3321 nulloque
613 3253 631 3297 e
651 3226 788 3295 vulnere
803 3228 912 3295 tristes

91 3348 282 3416 Concessit:
301 3349 440 3441 raperis,
455 3349 598 3442 genitor,
615 3373 682 3415 non
701 3347 832 3441 indigus
850 3349 925 3434 aevi,

89 3469 168 3535 Non
186 3466 320 3551 nimius3
337 3470 497 3558 trinisque
515 3468 627 3537 decem
645 3468 869 3561 quinquennia
887 3467 999 3537 lustris

90 3586 207 3651 Iuncta
223 3582 351 3652 serens:
374 3587 430 3655 sed
449 3612 501 3656 me
521 3589 625 3683 pietas
646 3580 834 3674 numerare,
855 3586 1014 3682 dolorque

93 3702 168 3769 Non
187 3703 265 3769 sinit
282 3727 289 3769 :
309 3727 330 3769 o
346 3703 450 3796 Pylias
463 3709 523 3775 aevi
541 3706 773 3776 transceudere
787 3721 904 3793 metas,

92 3822 135 3887 Et
148 3823 292 3889 Teucros
308 3847 437 3914 aequare
451 3849 557 3913 senes,
573 3854 593 3896 o
611 3827 709 3922 digne
723 3826 834 3894 videre

90 3938 877 4040 mmfflfflmffifflmmm

89 4058 224 4153 Quippe
238 4057 324 4130 leves
339 4084 459 4148 cause3
476 4084 536 4130 nec
553 4065 661 4158 segnis
673 4063 750 4132 tabe
767 4063 861 4132 senili
