2812 5258
411 480 449 532 ΙΝ
471 480 500 531 l'.
522 480 550 532 Ρ.
573 472 697 530 stam
721 476 869 529 ACHILL.
892 476 961 529 ΗΒ.
984 476 1005 529 1.
1174 471 1226 528 351

231 593 377 665 Vestesque
391 596 512 647 latentes
526 591 564 669 (v.
581 589 659 665 347).
675 592 776 645 «lnter
790 609 882 664 genua
897 602 925 646 et
939 590 1096 646 succinctus
1110 587 1229 666 [emun-

187 684 258 738 tium
265 682 366 762 more].
376 709 389 735 u
404 685 623 757 Gnoso-seq.
640 702 666 738 v.
682 682 845 738 cod.Gron.
860 683 1192 758 sparsoquetumetffleg.
1207 700 1231 752 ι,
1309 724 1314 733 .

187 774 274 852 timet)
297 796 463 851 componere
476 778 582 843 crines,
601 776 619 830 i.
635 795 659 831 e.
676 794 708 832 ea
724 794 756 832 re
775 776 919 848 superbit,
938 775 1087 832 ambitiose
1100 773 1130 830 in
1151 793 1184 831 ea
1201 793 1231 830 se

187 880 317 924 ostentat.

226 964 327 1018 Nonne
339 963 418 1017 utiles
434 960 473 1039 (v.
489 960 566 1037 351).
580 962 676 1017 Barth.
692 961 801 1016 altiss.
816 983 823 1016 ε
839 964 929 1036 «Ipse
946 961 1034 1018 vides.
1052 985 1063 1008 κ

225 1056 321 1109 Litora
337 1055 429 1110 uerbis
443 1052 482 1130 (v.
498 1052 576 1129 383).
597 1053 715 1128 Aliquot
729 1052 816 1109 codd.
833 1072 857 1109 c.
874 1072 891 1109 a
906 1056 995 1130 Regg.
1017 1073 1024 1108 ε
1043 1054 1127 1110 uotis.

227 1148 264 1202 Te
276 1165 380 1221 precor
391 1145 428 1222 (v.
445 1145 523 1221 293).
539 1145 736 1201 Memorabilis
751 1145 837 1201 lectio
853 1146 923 1222 Reg.
943 1166 954 1201 ι
972 1166 979 1201 :
995 1146 1076 1214 «Ne,
1094 1163 1229 1219 precor.»

187 1242 257 1312 lleg.
284 1257 300 1292 a
326 1258 332 1292 ε
354 1239 509 1312 Deprecor.
529 1240 630 1295 Paullo
650 1248 716 1312 post
729 1237 870 1294 Weberus
892 1249 970 1294 recte
986 1238 1114 1294 distinxit
1133 1257 1140 1292 :
1161 1235 1232 1292 ru'tld

185 1334 253 1386 urile
266 1332 346 1386 bellis
364 1331 567 1404 Hic‚samam.
587 1332 640 1388 Ed.
656 1332 739 1386 Rom.
756 1351 763 1385 ε
779 1330 974 1402 recfamare,
995 1333 1013 1387 i.
1030 1350 1053 1388 e.
1075 1350 1112 1387 ne
1130 1331 1232 1386 sarnam

186 1423 312 1497 quidem.
327 1424 374 1479 Pu
391 1435 418 1478 et
433 1424 480 1479 alii
499 1425 626 1498 aliquot:
643 1426 728 1479 «Hoc
747 1424 857 1479 lauram.
875 1449 887 1473 u
902 1456 941 1466 -
956 1428 990 1481 ln
1003 1445 1030 1480 v.
1045 1426 1103 1500 296
1119 1424 1232 1480 codices

185 1515 289 1571 finiunt
303 1517 408 1572 librurn
429 1517 587 1573 secundum
603 1518 788 1572 Achilleidos.

225 1612 294 1663 AEra
310 1611 429 1664 domant
447 1611 573 1664 Temesoe
586 1605 624 1684 (v.
637 1606 716 1685 413).
733 1609 790 1664 Sed
811 1620 852 1665 est
877 1611 992 1665 Temese
1012 1609 1049 1683 (v.
1067 1609 1131 1664 Sile.
1142 1650 1150 1676 ,
1162 1629 1190 1676 1,
1207 1628 1232 1678 ι,

188 1701 235 1768 tal
255 1703 324 1758 urbs
342 1703 447 1778 Cypria
466 1703 645 1758 metallorum
668 1703 756 1757 ferax.
779 1706 876 1774 Quare
898 1713 974 1758 recte
1001 1704 1127 1778 allegg.
1150 1703 1231 1756 :do-

185 1807 246 1848 mat
267 1797 391 1861 Temese,
410 1805 443 1850 ut
456 1795 617 1866 conjecerat
630 1794 772 1851 Menkius.
787 1797 875 1871 Lang.
892 1805 920 1851 et
934 1797 1001 1850 Exc.
1020 1797 1104 1871 Burg.
1121 1814 1128 1848 :
1143 1796 1232 1852 «AEru

185 1897 289 1942 sonant
302 1889 432 1943 Temesae.
450 1912 462 1935 ι
476 1888 552 1942 Male
567 1887 606 1941 ob
620 1904 680 1960 seq.
693 1905 721 1940 v.

225 1981 337 2034 Fermm
354 1981 523 2035 tricaturae!
539 1998 605 2034 usus
618 1977 656 2054 (v.
674 1976 752 2055 429).
768 1981 838 2055 neg.
857 1998 868 2034 1
887 1998 894 2033 :
909 1980 1075 2034 lassaturus
1090 1998 1162 2034 usus.

227 2071 426 2146 Miranturque
449 2091 529 2126 suum
552 2073 712 2127 decrescere
735 2084 859 2127 montem
881 2070 920 2148 (v.
932 2070 1010 2149 462).
1029 2071 1100 2126 «Itu
1120 2071 1234 2128 ridetur

187 2165 304 2239 captivis
332 2165 411 2234 feris,
437 2184 527 2237 quum
553 2166 624 2221 retia
654 2166 896 2222 contrahuntur.»
924 2168 1023 2221 Gaoss.
1043 2196 1082 2206 -
1105 2166 1233 2239 Sequens

187 2275 284 2311 versus
298 2257 376 2313 deest
390 2257 419 2312 in
434 2257 517 2313 Linrl.
537 2269 565 2313 ot
582 2259 612 2313 in
628 2283 640 2307 α
655 2258 845 2315 melioribus»
864 2258 981 2314 Barthii.

227 2348 358 2404 Consiliis
367 2350 510 2424 armisque
523 2346 561 2426 (v.
579 2351 656 2423 (μμ).
673 2350 786 2406 acodd.
801 2360 919 2406 recentt.
934 2371 940 2405 :
954 2349 1129 2423 antistesque,
1140 2348 1232 2423 pejus.

225 2442 305 2494 Data
323 2442 409 2514 copia
422 2443 518 2495 mortis
530 2438 569 2516 (v.
587 2440 664 2518 495).
675 2444 724 2496 PR
740 2463 747 2498 :
762 2443 810 2497 «d.
825 2445 920 2517 gloria
935 2461 995 2497 m.-

224 2532 264 2585 Et
282 2533 359 2586 mitis
376 2532 465 2586 honos
487 2528 524 2607 (v.
547 2530 625 2609 505).
646 2534 789 2591 Gronovii
811 2535 885 2606 haec,
906 2536 936 2591 ni
954 2536 1048 2605 fallor,
1063 2532 1232 2590 emendatio.

186 2623 280 2696 Vulgo
295 2648 307 2673 «ι
324 2635 415 2677 mutus
428 2623 456 2677 h.
472 2644 502 2691 ‘¹3
517 2624 594 2679 unde
608 2636 703 2679 ortum
718 2627 799 2697 quod
822 2626 852 2680 in
866 2629 955 2701 Regg.
979 2637 1007 2682 et
1028 2624 1143 2698 optimis
1160 2626 1230 2680 Bar·

186 2712 253 2780 thil,
269 2738 281 2763 «ι
296 2719 399 2770 multus
412 2715 483 2783 h.,n
498 2715 579 2788 quod
597 2715 757 2787 pessimum.

227 2806 450 2881 laurigerosque
465 2807 544 2881 ignes
566 2805 604 2881 (v.
622 2804 700 2882 509).
721 2807 865 2881 Intelligos
883 2807 942 2861 haec
956 2824 992 2861 ex
1014 2825 1041 2860 v.
1064 2804 1121 2861 520
1140 2825 1183 2880 sq.
1205 2818 1232 2862 et

192 2895 278 2950 Theb.
287 2936 296 2962 ,
315 2915 348 2965 x,
370 2896 426 2970 598
441 2918 482 2972 sq.
500 2897 542 2954 Cl'.
562 2896 672 2953 Wakel'.
689 2897 727 2953 ad
740 2900 829 2971 Soph.
851 2898 996 2965 Trachia,
1012 2896 1232 2967 754.-Postea

186 3005 214 3041 v.
230 2985 371 3062 5121teg.
391 3008 401 3042 ι
421 3009 426 3042 :
442 2990 499 3044 Sed
502 2988 593 3061 felix.

228 3079 524 3153 Amissisquesuroris
544 3081 654 3135 Wribus
667 3083 704 3157 (v.
723 3079 803 3159 536).
821 3081 868 3138 Sic
885 3080 994 3136 editum
1008 3097 1075 3136 exa
1097 3080 1186 3156 Regg.
1204 3093 1234 3137 et

187 3181 255 3226 vett.
270 3171 335 3227 edd.
354 3172 448 3228 Ceteri
465 3172 524 3227 lere
538 3174 703 3249 amissique.
717 3176 799 3231 Unus
811 3173 920 3230 Barthii
933 3173 1103 3248 emissusque.

226 3266 257 3320 Si
269 3279 295 3320 te
308 3284 376 3320 cum
392 3265 480 3320 trahit
493 3263 531 3342 (v.
549 3264 627 3342 540).
647 3286 663 3323 a
682 3268 771 3343 Regg.
797 3288 803 3320 :
826 3266 879 3325 «Si
902 3279 949 3321 ura
966 3285 1036 3322 cura
1055 3265 1166 3331 trahat,
1177 3291 1189 3315 ι
1205 3277 1233 3322 et

187 3357 267 3430 prior
292 3357 375 3412 etiarn
403 3377 535 3414 recusem.
555 3362 589 3414 In
618 3378 677 3434 seq.
708 3361 827 3432 Tethyos
851 3379 959 3414 aversae
981 3356 1133 3432 legendum
1152 3367 1234 3432 putat

187 3450 282 3505 Barth.
303 3470 338 3505 ex
361 3451 520 3507 imitatione
536 3452 701 3522 Claudiani,
724 3456 757 3509 tt.
779 3456 827 3509 Pr.
833 3496 843 3522 ,
859 3472 910 3521 nr,
927 3453 983 3526 319
1002 3470 1059 3525 sq,
1076 3451 1127 3525 qui
1148 3451 1234 3508 habet

185 3546 290 3617 gremio
305 3547 431 3619 quamuis
445 3559 591 3621 mergatur
600 3547 689 3603 lberae
706 3548 836 3620 Tethyos.
851 3549 895 3602 Do
910 3547 1000 3601 altero
1014 3564 1041 3599 v.
1057 3549 1150 3600 Gnon.

226 3639 312 3691 Prior
322 3635 359 3713 (v.
372 3636 463 3714 545st
483 3643 639 3711 Quarum,
656 3640 749 3697 Ulixe.
765 3643 855 3695 Vetus
869 3637 977 3694 dictum
993 3659 999 3691 :

292 3767 339 3830 Qui
352 3768 412 3817 bene
421 3769 544 3834 conjiciet.
556 3781 634 3821 ratem
644 3771 708 3822 hunc
719 3773 853 3839 perhibebo
863 3772 989 3838 optimum.

227 3901 394 3972 Iley‘eruntur
406 3923 478 3977 apes
497 3903 534 3978 (v.
551 3903 630 3981 556).
655 3909 697 3961 Ne
720 3907 764 3962 bis
779 3907 855 3963 idem
871 3908 947 3963 dicat
969 3906 1076 3961 Statius
1094 3908 1232 3979 languore

189 3994 305 4068 insigni,
329 4014 363 4050 ex
383 3998 510 4069 plurimis
528 3998 613 4054 codd.
632 4000 774 4054 edendum
796 4009 855 4054 erat
869 3999 1052 4054 «reseruntur
1065 4016 1170 4064 mres,-
1190 3999 1231 4053 uti

185 4086 243 4157 jam
257 4087 412 4144 Lindenbr.
429 4100 457 4145 et
471 4091 515 4146 vel
530 4093 662 4147 Cruceus.
