2812 5258
91 448 128 513 (r.
142 448 211 512 231.)
396 442 643 499 nummulos
662 440 775 496 LIBER
795 441 818 495 1.
1048 439 1121 508 467

95 573 208 641 Litora
228 597 236 638 ε
256 584 418 640 monstrat
437 571 510 655 iter,
529 582 664 660 totoque
682 564 852 635 effulserat
869 565 949 634 orbe

96 692 251 786 Cynthia.
273 690 488 783 Prosequitur
504 688 632 774 divam,
650 685 837 779 celeresque
858 710 1010 754 recursus

98 815 240 881 Securus
258 809 364 905 pelagi
381 811 507 880 Chiron
524 823 635 903 rogat,
654 806 784 900 udaque
803 805 887 876 celat

95 933 255 1018 Lumina,
272 946 305 1000 et
321 933 474 1024 abreptos
490 930 601 999 subito
614 928 816 1022 jamjamque
836 925 973 996 latentes

96 1055 213 1125 Erecto
230 1065 419 1146 prospectat
434 1074 539 1142 equo,
556 1072 622 1140 qua
640 1072 724 1116 cana
742 1071 922 1141 parumper

97 1175 258 1265 Spumant
276 1174 371 1266 signa
389 1170 491 1263 fugae,
507 1183 541 1237 et
562 1166 687 1260 liquido
707 1168 794 1262 perit
810 1167 918 1236 orbita
936 1181 1050 1260 ponto.

96 1289 192 1360 Illum
214 1316 281 1360 non
299 1287 381 1357 alias
398 1289 582 1358 rediturum
599 1285 641 1355 ad
656 1286 814 1357 Thessala
831 1292 955 1382 Tempe

95 1415 168 1479 lam
189 1410 291 1479 tristis
311 1408 453 1495 Pholoe,
469 1410 539 1502 jam
558 1407 692 1480 nubilus
706 1410 844 1502 ingemit
861 1408 1001 1502 Othrys,

97 1533 139 1598 Et
156 1529 264 1596 tenuis
281 1527 455 1621 Sperchios
472 1528 585 1620 aquis,
602 1526 823 1622 speluncaque
839 1527 928 1597 docti

98 1651 195 1717 Muta
214 1647 300 1716 senis
319 1661 498 1741 :quaerunt
517 1646 658 1743 puerilia
672 1632 817 1718 carmina
838 1648 958 1732 Fauni,
1079 1719 1086 1732 ,

98 1771 141 1837 Et
157 1784 285 1861 sperata
300 1767 357 1837 diu
376 1766 510 1863 plorant
524 1768 690 1837 connubia
707 1768 877 1862 Nympha.

144 1892 217 1956 Jam
239 1889 360 1981 premit
373 1901 462 1956 astra
477 1886 564 1971 dies,
580 1885 778 1979 humilisque
792 1910 832 1954 ex
847 1910 977 1979 aequore
994 1888 1089 1956 Titan

94 2004 262 2074 Rorantes
281 2004 403 2074 evolvit
418 2030 539 2098 equos,
557 2017 591 2073 et
604 2005 647 2073 ab
662 2004 782 2073 aethere
798 2028 919 2098 magno

101 2124 276 2193 Sublatum
294 2149 394 2193 curru
413 2123 549 2218 pelagus
567 2123 656 2192 cadit
673 2149 682 2191 ε
702 2138 737 2192 at
755 2122 840 2192 vada
858 2138 963 2192 mater

103 2243 216 2336 Scyria
231 2242 427 2336 jamdudum
448 2242 569 2313 fluctus
586 2266 716 2312 emensa
736 2242 881 2327 tenebat,

101 2364 322 2455 Exieraotque
334 2363 416 2456 jugo
433 2361 510 2431 lessi
527 2361 707 2456 Delphines
723 2361 837 2450 herili;

102 2485 217 2572 Quum
238 2485 333 2577 pueri
353 2481 541 2552 tremefacta
559 2483 676 2576 quies,
695 2482 850 2576 oculique
864 2483 1003 2576 jacentis

102 2603 251 2671 infusum
269 2627 400 2672 sensere
417 2602 504 2671 diem
523 2629 531 2671 :
550 2616 662 2696 stupet
679 2627 753 2673 aere
769 2606 894 2698 primo,

105 2721 187 2809 Quae
205 2718 298 2789 loca?
316 2722 373 2815 qui
391 2719 537 2790 fluctus?
553 2720 609 2789 ubi
628 2720 766 2790 Pelion?
787 2724 899 2792 omnia
916 2748 1010 2792 versa

105 2845 212 2932 Atque
229 2840 341 2934 ignota
356 2839 462 2927 videt,
476 2839 672 2933 dubitatque
688 2864 867 2935 agnoscere
883 2857 1033 2912 matrem.
1182 2915 1186 2933 ¹

105 2960 255 3050 Occupat
274 2956 331 3027 illa
346 2983 462 3046 manu,
482 2956 667 3053 blandeque
683 2959 782 3029 affata
800 2975 976 3055 paventem
995 2987 1003 3030 :

104 3106 121 3140 α
139 3077 173 3144 Si
191 3076 290 3156 mihi,
310 3101 385 3147 care
403 3103 496 3172 puer,
513 3077 674 3149 thalamos
693 3104 764 3149 sors
780 3105 874 3173 aqua
892 3080 1049 3168 dedisset,

103 3196 197 3282 Quos
215 3193 330 3281 dabat,
346 3196 496 3266 ethereis
511 3222 572 3292 ego
591 3214 622 3267 te
637 3196 809 3293 complexa
826 3213 972 3268 tenerem

105 3315 201 3383 Sidus
216 3315 341 3410 grande
354 3313 478 3411 plagis,
498 3320 674 3412 magnique
693 3343 855 3414 puerpera
873 3317 964 3408 eoeli,

104 3430 160 3501 Nil
177 3432 315 3505 humiles
337 3439 472 3524 Parcas,
491 3452 685 3532 terrenaque
703 3437 771 3508 lata
787 3462 927 3508 vererer.

106 3553 203 3622 Nunc
222 3556 330 3649 impar
345 3556 421 3646 tibi,
438 3573 534 3647 nate,
553 3583 671 3653 genus,
691 3557 916 3652 praeclusaque
936 3558 991 3628 leti

104 3673 249 3740 Tantum
268 3690 374 3745 matre
390 3678 441 3747 via
457 3693 506 3748 est
523 3705 531 3747 :
546 3679 627 3770 quin
641 3672 675 3747 et
690 3678 868 3750 metuenda
883 3680 1110 3773 propinquant

69 3833 70 3836 =
105 3793 286 3883 Tempora,
304 3808 338 3861 et
355 3790 510 3866 extremis
525 3796 656 3867 admota
678 3798 823 3892 pericula
842 3800 946 3868 metis.

107 3909 286 3997 Cedamus,
304 3912 505 4008 paulumque
523 3918 648 3986 animos
666 3919 824 3988 submitte
839 3917 969 4001 viriles,

105 4032 213 4123 Atque
233 4030 364 4100 habitus
383 4031 520 4127 dignare
541 4059 632 4107 meos
650 4062 658 4106 ε
676 4038 703 4107 si
721 4037 825 4128 Lydia
843 4034 926 4103 dura
