2812 5258
609 402 638 453 Ρ.
659 399 779 453 PUBLll
799 398 932 453 statu·

352 530 394 594 Et
415 539 607 606 mustaceus,
628 536 660 588 et
680 521 799 588 latente
819 519 927 613 palma

351 641 559 736 Praegrandes
578 638 757 732 caryotides
776 638 943 705 cadebant.

352 764 426 830 Non
448 761 544 827 tantis
561 762 648 850 Hyas
667 760 813 824 inserena
832 756 950 822 nimbis
1044 835 1047 841 Ι

353 882 469 946 Terras
489 877 613 962 obruit,
633 890 689 942 aut
708 872 813 942 soluta
831 872 948 959 Pleias,

352 995 450 1083 Quali
472 1019 529 1088 per
547 1018 667 1061 cuneos
684 993 787 1060 hiems
806 993 940 1060 Latinos

352 1113 482 1183 Plebem
502 1111 660 1205 grandine
678 1110 822 1178 concutit
841 1108 1018 1177 sedentem.

353 1235 460 1301 Ducat
477 1227 589 1297 nubila
607 1229 757 1320 luppiter
777 1251 834 1320 per
853 1227 981 1312 orbem,

352 1352 393 1418 Et
413 1348 491 1417 laetis
511 1345 637 1439 pluvias
656 1346 800 1412 minetur
819 1346 919 1439 agris,

353 1469 442 1535 Dum
460 1465 563 1532 nostri
581 1464 669 1532 Jovis
687 1463 721 1530 hi
742 1462 888 1530 ferantur
905 1462 1033 1530 imbres.

399 1588 484 1652 Ecce
503 1596 612 1650 autem
630 1605 742 1650 caveas
761 1582 846 1648 subit
864 1607 923 1674 per
940 1606 1067 1668 omnes,

350 1702 490 1794 Insignis
509 1700 629 1791 specie,
649 1699 766 1765 decora
784 1697 873 1765 cultu

353 1817 466 1887 Plebes
486 1815 602 1902 altera,
622 1842 688 1885 non
708 1817 816 1882 minor
834 1815 974 1884 sedente.

352 1937 394 2004 Hi
415 1936 563 2028 panaria,
581 1933 799 2026 candidasque
817 1958 952 2026 mappas

354 2054 570 2138 Subvectant,
588 2050 763 2144 epulasque
783 2051 951 2136 lautiores;

354 2170 407 2240 llli
428 2169 570 2238 marcida
588 2171 665 2238 vina
684 2168 867 2264 largiuntur
886 2196 894 2238 :

354 2289 455 2358 ldaeos
476 2288 610 2355 totidem
631 2303 724 2380 putes
743 2290 916 2357 ministros.

355 2408 491 2488 Orbem,
511 2430 576 2497 qua
596 2404 710 2471 melior
728 2407 934 2498 severiorque
953 2421 1022 2493 est,

356 2527 396 2592 Et
416 2535 527 2616 gentes
546 2520 604 2589 alis
623 2520 755 2588 insimul
778 2536 917 2615 togatas3

355 2646 396 2711 Et
415 2665 517 2733 quum
535 2653 583 2708 tot
602 2638 739 2732 populos
756 2640 851 2710 beata
868 2668 994 2737 pascas,

356 2763 466 2845 Hunc,
488 2761 644 2843 Annona,
664 2757 749 2826 diem
768 2761 908 2852 superba
927 2764 1039 2831 nescis.

354 2881 371 2944 1
389 2902 477 2944 nunc
495 2874 608 2945 saecula
627 2901 796 2969 compara,
814 2880 981 2966 Vetustas,

356 2996 492 3086 Antiqui
510 2996 612 3078 Jovis,
631 3012 831 3089 aureumque
851 3011 978 3091 tempus
998 3024 1006 3065 ε

352 3115 428 3181 Non
448 3114 493 3180 sic
513 3111 613 3180 libera
634 3113 710 3179 vina
731 3128 809 3181 tunc
828 3113 992 3201 fluebant,

352 3235 421 3301 Nec
439 3231 568 3298 tardum
585 3255 676 3324 seges
695 3232 874 3322 occupabat
894 3256 1027 3301 annum.

353 3354 428 3418 Una
447 3350 587 3417 vescitur
605 3350 710 3417 omnis
730 3349 812 3416 ordo
831 3374 955 3436 mensa,

351 3467 463 3551 Parvi,
482 3465 618 3550 femina,
638 3466 743 3558 plebs,
763 3492 876 3559 eques,
895 3482 1035 3537 senatus.

354 3584 500 3650 Libertas
520 3586 734 3653 reverentiam
754 3588 892 3672 remisit,

353 3705 394 3769 Et
409 3715 443 3768 tu
461 3701 541 3791 quin
562 3702 660 3769 etiam
680 3704 771 3798 (quis
789 3706 851 3773 hoc
871 3730 987 3800 rogare

354 3818 438 3904 Quis
457 3819 646 3909 promittere
666 3836 772 3912 posset
791 3823 854 3893 hoo
874 3822 1056 3913 Deoruml)

354 3935 531 4004 Nobiscum
552 3937 653 4005 socias
672 3938 771 4031 dapes
791 3943 891 4010 inisti.
