2812 5258
156 470 161 477 '
185 500 217 559 n.
232 497 300 552 na.)
474 489 722 547 ncnrnnnmos
741 488 852 543 cuna
874 488 911 543 n.

185 627 218 691 0
230 617 344 689 timor!
363 618 504 710 cripitur
524 616 649 683 misera
667 614 844 707 permissus
859 612 1009 685 Achilles.

186 746 218 827 l,
238 738 448 832 nequeenim
471 750 578 803 tantos
597 735 702 802 ausim
721 757 875 801 revocare
893 748 1046 826 paratus,

186 865 219 942 Ι,
234 873 364 942 cautus,
383 879 442 924 nec
461 879 545 922 rana
560 853 681 921 Thetin
702 854 848 920 timuisse
869 867 1044 921 memento.

186 983 201 1047 l
218 975 312 1061 felix,
329 993 505 1067 nosterque
520 972 590 1041 redi
605 998 613 1039 :
629 971 726 1038 nimis
741 971 888 1063 improba
907 996 1016 1065 posco.

184 1102 257 1165 lam
275 1111 307 1164 te
326 1094 523 1188 spectabunt
541 1090 693 1182 lacrymis
710 1088 911 1182 planctuque
927 1091 1052 1161 decorae

185 1214 345 1299 Troades,
364 1212 593 1305 optabuntque
610 1211 677 1277 tuis
692 1210 771 1277 dare
788 1207 871 1277 colla
888 1207 1035 1298 lacertis,

186 1339 228 1402 Et
245 1334 385 1426 patriam
403 1353 542 1422 pensare
560 1329 639 1396 toris
658 1354 666 1395 :
683 1344 741 1397 aut
757 1330 829 1422 ipsa
847 1326 987 1421 placebit

187 1451 368 1544 Tyndaris,
385 1450 507 1517 incesta
526 1449 664 1516 nimium
680 1446 812 1517 laudata
829 1450 955 1543 rapina.

188 1575 250 1639 Ast
267 1593 329 1664 ego
349 1567 400 1637 vel
416 1569 532 1662 primae
547 1565 685 1661 puerilis
703 1566 816 1637 fabula
836 1566 942 1661 culpae

187 1690 357 1759 Narrabor
377 1686 523 1775 famulis,
541 1702 600 1755 aut
615 1686 819 1756 dissimulata
837 1685 956 1756 latebo.

187 1811 278 1898 Quin
298 1833 377 1902 age,
393 1807 458 1876 duc
475 1809 629 1876 comitem
650 1833 657 1875 :
678 1832 737 1875 cur
753 1831 820 1875 non
838 1832 901 1902 ego
917 1809 1039 1876 Martia
1059 1824 1168 1877 tecum

187 1930 287 2021 Signa
304 1927 429 1996 leram?
448 1942 484 1993 tu
505 1950 605 2018 pensa
623 1950 744 2011 nianu,
766 1925 976 2018 Baccheaque
994 1950 1123 1995 mecum

189 2050 307 2131 Sacra,
327 2044 416 2136 quod
436 2041 546 2111 inlelix
567 2069 633 2112 non
648 2041 760 2111 credet
775 2044 889 2134 Troja,
908 2042 1022 2113 tulisti.

189 2176 339 2234 Attamen
362 2162 469 2249 hunc,
485 2186 583 2255 quem
601 2176 714 2229 moesta
731 2162 813 2230 mihi
830 2159 946 2231 solatia
964 2161 1101 2255 linquis,

189 2287 287 2351 llunc
303 2279 418 2349 saltem
436 2282 497 2349 aub
517 2280 616 2348 corde
633 2295 708 2348 tene
727 2305 735 2347 τ
755 2295 789 2348 et
806 2280 950 2350 concede
966 2283 1113 2374 precanti

190 2404 262 2469 Hoc
280 2398 405 2489 solum,
424 2401 530 2493 pariat
545 2423 588 2467 ne
604 2398 684 2491 quid
700 2399 758 2467 tibi
775 2400 915 2469 barbara
929 2401 1070 2493 conjux,

189 2522 240 2588 Ne
258 2545 322 2612 qua
340 2518 396 2586 det
415 2518 568 2611 indignos
586 2518 717 2586 Thetidi
734 2523 864 2613 captiva
880 2535 1028 2613 nepotes.
1048 2552 1064 2582 n

238 2637 329 2707 Talia
348 2636 511 2705 dicentem
529 2661 595 2703 non
616 2637 686 2729 ipse
706 2640 862 2706 immotus
883 2636 1024 2707 Achilles

190 2755 333 2842 Solatur,
349 2757 505 2849 juratque
524 2751 640 2842 fidem,
654 2756 830 2848 jurataque
846 2756 925 2825 ssetu

191 2874 352 2968 Spondet,
369 2889 403 2942 et
421 2875 570 2969 ingentes
589 2872 743 2960 famulas,
763 2890 963 2968 captumque
980 2900 1131 2945 reversus

192 2994 297 3079 lliou,
316 3006 349 3059 et
367 2992 515 3087 Phrygiae
532 2994 694 3087 promittit
712 3017 850 3062 munera
867 3019 962 3087 gazae.

192 3114 289 3179 lrrita
309 3125 448 3178 ventosae
465 3112 634 3203 rapiebant
654 3113 752 3180 verba
768 3113 931 3207 procellae.

240 3231 340 3299 Exuit
355 3228 552 3323 implicitum
572 3231 713 3300 tenebris
731 3232 944 3301 humentibus
964 3234 1077 3301 orbern

192 3353 328 3417 Oceano
344 3347 472 3441 prolata
491 3348 578 3436 dies,
595 3351 787 3445 genitorque
796 3376 949 3421 -coruscae

193 3471 310 3553 Lucis,
327 3468 435 3536 adhuc
452 3468 602 3536 hebetem
625 3471 731 3538 vicina
747 3486 862 3557 nocto,
885 3470 1028 3558 levabat,

194 3589 238 3654 Et
255 3588 400 3656 nondum
421 3614 556 3659 excusso
574 3604 741 3658 rorantem
757 3588 909 3685 lampada
931 3608 1046 3685 ponto.

193 3710 236 3774 Et
250 3707 319 3797 jain
338 3710 476 3800 punicea
494 3708 654 3798 nodatum
670 3723 806 3801 pectora
824 3709 927 3803 palla,

194 3825 422 3917 Insignemque
439 3828 517 3920 ipsis
535 3852 608 3917 quae
625 3830 733 3919 prima
750 3832 914 3899 invaserat
930 3834 1031 3901 aruris

194 3942 348 4010 AEaciden
369 3947 504 4037 (quippe
521 3968 600 4011 aura
617 3961 731 4032 vocat,
751 3966 956 4045 cognataque
973 3949 1110 4017 suadent

195 4060 359 4151 AEquora)
378 4074 587 4153 prospectant
606 4066 736 4149 cuncti,
753 4068 988 4159 juvenemque,
1005 4064 1188 4155 ducemque

1006 4206 1056 4275 ¹9·
