2812 5258
84 405 200 465 (titul
396 405 607 461 menemus
629 407 736 464 LIBER
758 410 805 463 lv.

88 527 225 597 Elicitos
245 533 404 622 patuisse,
424 532 539 618 refert,
558 534 756 626 lctbaeaque
773 558 880 621 sacra,

87 652 130 717 Et
151 674 294 717 mersum
312 653 432 718 Ismeni
453 653 566 720 subter
585 654 729 721 confinia
750 669 853 748 ponto

86 770 275 856 Miscentis,
294 785 483 864 perstante
503 772 640 860 ducem,
662 775 852 868 circumque
871 774 1044 845 bidentum

87 891 277 959 Visceribus
293 888 425 974 laceris,
443 907 477 961 et
492 893 589 961 odori
608 892 742 962 sulfuris
760 919 857 983 auru,

88 1011 368 1106 Graminibusque
389 1015 501 1101 novis,
519 1029 553 1083 et
572 1013 672 1110 longo
691 1040 862 1085 murmure
882 1033 1013 1113 purgat.

138 1131 227 1200 Silva
246 1157 350 1227 capax
366 1137 443 1216 aevi,
462 1133 635 1227 validaque
651 1137 788 1205 incurva
805 1151 956 1221 senecta,

91 1254 263 1321 AEternum
282 1255 421 1323 intousae
435 1253 581 1342 l'rondis,
599 1269 663 1322 stat
680 1257 792 1349 pervia
811 1254 909 1326 nullis
994 1304 997 1311 ·

89 1372 220 1441 Solibus
237 1399 244 1440 :
263 1373 352 1441 baud
372 1372 463 1441 illam
480 1374 606 1442 brumae
622 1374 790 1462 minuere,
806 1379 956 1446 Notusve

88 1497 146 1562 Jus
163 1494 279 1580 habet,
297 1508 355 1560 aut
374 1494 490 1563 Getica
509 1498 631 1563 Boreas
648 1496 812 1590 impactus
831 1496 873 1565 ab
891 1500 986 1567 Ursa.

89 1614 211 1683 Subter
228 1638 331 1707 opaca
347 1615 454 1708 quies,
477 1639 664 1708 vacuusque
678 1613 807 1684 silentia
825 1632 934 1685 servat

88 1738 228 1821 Horror,
247 1749 281 1803 et
300 1734 441 1805 exclusae
461 1734 561 1828 pallet
582 1735 669 1804 mala
688 1735 770 1805 lucis
790 1737 909 1833 imago.

90 1858 161 1926 Nec
178 1873 268 1925 caret
288 1858 405 1925 umbra
422 1860 518 1924 Deo:
537 1859 664 1925 nemori
685 1859 826 1926 Latonia
846 1858 967 1927 cultrix

90 1975 258 2051 Additur:
276 1976 362 2043 hanc
377 1976 495 2068 piceae,
516 1975 690 2068 cedrique,
708 1992 742 2044 et
757 1979 876 2046 robore
893 1979 926 2046 in
947 1980 1034 2046 omni

91 2094 264 2182 Effictnm,
284 2096 405 2166 sanctis
424 2094 569 2164 occultat
587 2095 668 2164 silva
687 2098 840 2185 tenebris.

90 2217 200 2309 liujus
218 2218 393 2312 inaspectae
409 2215 484 2285 luco
502 2215 642 2285 stridere
660 2218 802 2311 sogittae,

90 2338 323 2431 Nocturnique
342 2361 463 2406 canum
479 2339 640 2432 gemitus,
663 2337 719 2406 ubi
741 2334 854 2406 limina
872 2339 983 2432 patrui

92 2458 238 2553 Effugit,
258 2460 359 2553 inque
375 2484 469 2527 uovae
486 2457 604 2527 melior
619 2457 706 2527 redit
722 2482 781 2528 ora
799 2460 925 2528 Dianae.

91 2584 149 2651 Ast
171 2581 227 2649 ubi
246 2560 330 2649 fessa
346 2582 451 2675 jugis,
473 2577 651 2673 dulcesque
668 2580 827 2648 altissima
845 2604 979 2649 somnos

92 2705 165 2771 Lux
181 2717 312 2789 movet,
330 2702 385 2770 hic
405 2700 470 2769 late
483 2699 602 2794 jaculis
617 2702 743 2769 circum
762 2700 910 2792 undiquc
927 2699 1015 2784 lixis,

92 2822 236 2893 Effusam
257 2822 413 2917 pharetra
431 2823 595 2891 cervicem
614 2834 753 2913 excepta
769 2819 918 2911 quiescit.

138 2948 242 3015 Extra
262 2945 406 3013 immane
422 2957 558 3038 patent,
576 2938 673 3009 tellus
690 2939 876 3025 Mavortia,
896 2939 1025 3032 campi,

59 3076 65 3085 '
89 3071 203 3136 Foetus
222 3091 301 3162 eger
317 3065 456 3137 Cadmo.
476 3066 592 3132 Durus
610 3061 668 3153 qui
691 3084 823 3128 vomere
842 3062 951 3153 primo

92 3191 172 3256 Post
188 3188 450 3282 consanguineas
467 3184 569 3270 acies,
589 3179 764 3273 sulcosque
783 3192 958 3264 nocentes,

95 3314 202 3379 Ausus
220 3309 362 3377 humum
381 3330 531 3390 versare,
551 3317 585 3372 et
604 3302 715 3396 putria
732 3302 893 3396 sanguiue
910 3316 1005 3397 prata

93 3431 207 3499 Eruit:
234 3432 385 3525 ingentes
403 3424 518 3496 infelix
539 3440 627 3493 tcrra
646 3421 822 3491 tumultus-

93 3552 194 3620 Lucis
212 3550 322 3620 adhuc
341 3547 452 3618 medio
463 3584 482 3633 ,·
494 3543 630 3638 solaque
648 3545 683 3611 in
703 3559 801 3617 nocte
820 3568 878 3638 per
900 3544 1034 3614 umbras

93 3674 268 3767 Exspirat,
290 3671 379 3766 nigri
395 3690 605 3777 quum'snuu
625 3666 659 3734 iu
679 3662 795 3760 proelia
816 3679 958 3758 surgunt

30 3846 33 3851 -
93 3795 285 3888 'terrigeno
301 3818 309 3859 t
328 3793 417 3887 sugit
434 3792 566 3884 incepto
585 3786 822 3857 tremebundus
838 3785 880 3855 ab
901 3810 982 3854 arvo

97 3915 273 4011 Agricola,
291 3915 464 4007 insanique
482 3911 620 3981 domum
641 3906 768 3978 rediere
786 3908 931 4000 juvenci.

147 4040 209 4109 llic
229 4037 340 4107 senior
356 4048 446 4104 vetes
462 4031 607 4130 (Stygiis
622 4025 839 4098 accommoda
858 4028 982 4119 quippe
