2812 5258
191 419 250 474 260
495 418 745 476 acnmfflnos
766 411 876 474 alana
899 416 921 473 Ι.
1122 418 1226 483 (ιη.)

191 543 385 630 Dardanus,
401 545 545 612 incautas
566 541 685 611 blande
704 542 878 635 populatus
895 538 1063 632 Amyclas,

191 660 356 756 Plenaque
372 663 509 730 materni
526 660 670 729 refovens
688 665 844 754 presagia
859 661 966 727 somni

190 779 368 874 Culpatum
388 778 551 874 relegebat
573 781 650 867 iter,
665 803 731 872 qua
749 779 882 848 oondit'a
901 793 1007 872 ponto

191 896 359 967 Fluctibus
373 900 486 967 invisis
499 902 567 991 jam
584 899 700 968 Nereis
715 901 854 992 imperat
870 897 988 966 Helle:

190 1018 303 1104 Quum
314 1017 426 1085 Thetis
442 1017 563 1101 ldaeos,
580 1017 647 1085 heu
663 1042 833 1109 nunquam
848 1040 932 1085 vana
946 1031 1120 1109 parentum

190 1133 352 1230 Auguria!
369 1139 501 1229 expavit
520 1138 624 1204 vitreo
642 1137 703 1205 sub
723 1138 851 1231 gurgite
872 1161 987 1204 remos.

190 1258 259 1325 Nec
275 1280 366 1323 mora
384 1281 392 1322 :
410 1272 442 1323 et
462 1254 597 1323 undosis
617 1257 713 1325 turba
732 1259 910 1324 comitante
928 1281 1078 1323 summm

189 1372 345 1443 Prosiluit
362 1373 537 1443 thalamis:
558 1375 685 1444 fervent
699 1378 852 1444 coeuntia
869 1375 989 1467 Phryxi

188 1495 319 1579 Litora,
336 1509 370 1561 et
384 1509 561 1588 angustum
578 1493 729 1562 dominas
745 1519 811 1562 non
827 1491 969 1587 explicat
981 1519 1103 1586 aequor.

188 1610 249 1680 Illa
263 1612 320 1681 ubi
337 1611 484 1681 discusso
503 1614 646 1706 primum
663 1615 752 1681 subit
767 1637 841 1681 aera
860 1628 986 1706 ponto:

188 1761 205 1794 a
219 1735 275 1801 Me
292 1733 374 1825 petit
389 1731 473 1820 haec,
487 1732 569 1801 mihi
581 1730 712 1817 classis,
724 1734 789 1819 ait,
807 1714 936 1801 funesta
951 1733 1094 1801 minatur
1110 1759 1118 1799 τ

188 1856 340 1946 Agnosco
359 1854 521 1939 monitus,
539 1855 709 1923 etProtes
728 1877 805 1922 vera
826 1851 984 1922 locutum.

187 1976 273 2043 1⁴:0oe
290 1996 410 2041 novam
427 1973 578 2062 Priamo,
592 1972 718 2042 facihiu
736 1971 777 2042 de
798 1997 908 2068 puppe
927 1971 1060 2057 levatis,

188 2095 266 2160 Fert
281 2089 417 2161 Bellona
437 2091 582 2163 nurum:
600 2093 697 2161 video
713 2095 781 2187 jam
801 2092 890 2162 mille
909 2093 1029 2162 carinis

62 2280 67 2292 ,
188 2214 337 2296 lonium,
358 2215 568 2307 AEgaeumque
587 2214 716 2306 premi:
736 2238 797 2282 nec
816 2212 956 2296 sufficit,
975 2215 1081 2282 omnis

185 2329 287 2419 Quod
307 2329 403 2422 plaga
419 2331 646 2422 ijugenum
666 2328 799 2396 tumidis
819 2332 972 2422 conjurat
988 2329 1135 2413 Atridis:

184 2452 257 2516 Jam
272 2445 407 2539 pelago,
427 2447 586 2538 terrisque
605 2467 698 2513 meus
716 2462 882 2538 quaeretur
897 2446 1059 2529 Achilles,

185 2571 228 2635 Et
245 2563 331 2634 volet
352 2566 421 2658 ipse
439 2566 532 2657 ¹sequi
550 2589 558 2632 :
576 2563 657 2656 quid
678 2565 767 2633 enim
787 2564 952 2635 cunabula
969 2589 1073 2658 parvo

185 2684 317 2771 Pelion,
335 2699 370 2754 et
387 2685 473 2753 torvi
487 2686 714 2754 commisimus
730 2702 824 2755 antra
840 2684 1010 2781 magistri?

184 2804 272 2892 lllic,
290 2806 324 2874 ni
342 2803 448 2892 lallor,
465 2805 682 2898 Lapitharum
703 2805 818 2900 proelia
835 2805 918 2873 ludit

185 2925 379 3018 Improhus,
396 2940 431 2994 et
449 2926 558 3018 patria
570 2927 639 3020 jam
657 2952 691 2995 se
710 2926 841 2994 metitur
861 2925 894 2992 in
913 2924 1016 2994 hasta.

184 3047 216 3113 Ο
237 3044 344 3129 dolor,
362 3070 383 3111 o
402 3045 466 3112 seri
483 3060 633 3114 materno
653 3047 686 3112 in
705 3042 804 3111 conle
821 3043 971 3112 timores!

186 3166 262 3232 Non
279 3165 374 3258 potui
396 3162 528 3250 infelix,
543 3188 647 3255 quum
666 3163 810 3255 primum
830 3165 863 3229 in
883 3165 1015 3259 gurgite
1035 3179 1147 3233 nostro

184 3284 336 3351 Rhoetaeae
354 3284 501 3353 cecidere
520 3284 647 3365 trabes,
667 3279 818 3350 attollere
836 3308 992 3377 magnum

184 3400 334 3492 AEquor?
348 3417 382 3470 et
400 3403 517 3471 incesti
532 3399 695 3494 praedonis
715 3399 786 3469 vela
804 3401 970 3495 profunda

182 3522 390 3611 Tempestate
408 3519 524 3613 sequi?
537 3533 738 3613 cunctasque
754 3520 876 3590 inferre
894 3521 1043 3591 sorores?

183 3639 282 3707 Nunc
296 3661 428 3729 quoque
441 3664 449 3705 :
464 3635 520 3704 sed
535 3637 668 3706 tardum
683 3653 749 3725 est,
763 3640 833 3732 jam
850 3639 944 3733 plena
963 3642 1083 3734 injuria
1098 3656 1211 3735 raptae.

182 3755 243 3824 Ibo
259 3771 386 3841 mmen,
401 3752 575 3849 pelagique
591 3761 697 3844 Deos,
714 3758 930 3852 dextramque
947 3759 1101 3846 secundi,

183 3873 283 3962 Quod
302 3890 469 3969 superest,
484 3873 656 3970 complexa
669 3878 778 3962 Jovis,
799 3903 857 3969 per
871 3878 1015 3971 Tethyos
1035 3903 1138 3947 aranos

183 3994 473 4089 Grandaevumque
487 4011 632 4088 patrem,
648 3995 786 4089 supplex
800 3996 985 4066 miseranda
1005 3999 1127 4090 rogabo
