2812 5258
87 474 90 479 ,
183 432 218 494 ia
536 430 563 481 r.
585 428 704 481 nuncu
726 428 845 482 suarii

184 549 284 637 Aula,
300 548 536 641 Dicarcheique
552 551 641 617 sinus
662 575 669 614 :
692 573 751 616 nec
770 549 886 641 sapius
901 547 970 614 istis

183 668 305 738 Blanda
322 668 514 759 Therapnaei
529 665 680 760 placeant
697 669 808 733 vineta
828 663 948 733 Galesi.

182 790 244 857 Hic
257 813 313 855 seu
329 786 462 854 siderius
478 799 605 854 exercet
622 784 745 854 Pollius
762 799 862 870 artes,

183 909 247 973 Seu
267 902 370 971 volvit
389 905 546 991 monitus,
564 928 646 996 qnos
666 903 721 971 dat
738 903 928 996 Gargettius
948 915 1074 988 auctor,

185 1026 248 1093 Seu
263 1036 409 1090 nostram
424 1024 529 1114 quatit
548 1020 603 1089 ille
622 1020 756 1114 chelyn,
772 1044 829 1089 seu
846 1021 976 1089 dissona
996 1021 1098 1089 nectit

186 1143 357 1226 Carmina,
377 1142 444 1208 sive
461 1143 572 1209 minax
591 1139 730 1208 ultorem
749 1141 880 1233 stringit
895 1139 1044 1224 iambon;

186 1260 271 1328 Hinc
286 1257 364 1326 levis
380 1283 398 1326 e
414 1256 554 1351 scopulis
574 1257 709 1326 meliora
729 1257 770 1325 ad
786 1259 933 1325 carmina
951 1259 1044 1326 Siren

187 1376 341 1461 Advolat3
360 1378 438 1444 hinc
452 1377 549 1444 motis
567 1376 659 1446 audit
672 1378 821 1446 Tritonia
840 1376 954 1444 cristis.

188 1499 281 1564 Tunc
296 1495 400 1564 rabidi
416 1509 545 1589 ponunt
560 1495 670 1579 flatus,
688 1497 790 1563 maria
806 1496 874 1587 ipsa
889 1507 1042 1562 vetantur

188 1613 387 1706 Obstrepere
406 1637 415 1679 ε
435 1625 607 1706 emergunt
624 1610 760 1705 pelago,
775 1612 970 1703 doctamque
985 1611 1166 1681 trahuntur

188 1731 239 1801 ad
258 1728 396 1823 chelyn,
413 1743 445 1798 et
461 1729 573 1798 blandi
588 1729 730 1823 scopulis
746 1729 916 1823 delphines
934 1730 1100 1799 aderrant.

233 1851 332 1934 Vive,
349 1849 448 1917 Midae
465 1850 551 1943 gazis
567 1864 599 1917 et
617 1848 710 1943 Lydo
726 1848 826 1917 ditior
842 1874 938 1938 auro,

188 1971 304 2036 Troica
318 1982 350 2036 et
364 1969 561 2060 Euphrataea
577 1992 675 2060 super
694 1967 877 2036 diademata
893 1967 970 2037 felia
988 1993 996 2035 ε

189 2088 298 2174 Quem
316 2111 382 2153 non
402 2086 547 2180 ambigui
565 2086 680 2171 fasces,
696 2111 763 2154 non
779 2085 901 2155 mobile
916 2085 1054 2179 vulgus,

189 2206 265 2274 Non
280 2204 382 2299 leges,
399 2216 466 2273 non
482 2218 587 2272 castra
607 2219 743 2273 tenent:
763 2190 819 2296 qui
840 2217 969 2296 pectore
984 2228 1106 2298 magno

190 2326 354 2416 Spemque
374 2337 563 2414 metumque
581 2323 708 2407 domas,
724 2324 805 2389 vitio
821 2320 991 2390 sublimior
1004 2323 1113 2409 omni,

191 2418 367 2533 Exemptus
384 2440 472 2526 fatis,
489 2439 778 2532 indignantemque
799 2438 949 2508 refellens

192 2561 369 2628 Fortunam
389 2583 397 2624 ε
419 2557 555 2624 dubium
576 2582 674 2649 quem
693 2582 760 2625 non
780 2556 814 2625 iii
835 2560 965 2627 turbine
981 2581 1096 2627 rerum

194 2675 381 2770 Deprendet
400 2700 551 2769 suprema
571 2676 654 2761 dies;
670 2674 724 2743 sed
739 2678 829 2745 abire
845 2690 1012 2770 paratum,

195 2799 241 2863 Ac
257 2794 392 2887 plenum
411 2797 488 2862 vita.
508 2795 594 2881 Nos,
609 2792 682 2862 vilis
699 2796 809 2882 turba,
826 2795 957 2864 caducis

193 2913 366 2981 Deservire
383 2913 494 2997 bonis,
510 2937 702 3006 semperque
716 2928 830 3007 optare
846 2915 967 3007 parati,

193 3030 384 3122 Spargimur
404 3030 438 3096 in
458 3054 574 3098 casus:
595 3030 679 3100 celsa
696 3046 731 3100 tu
750 3034 867 3100 mentis
887 3032 927 3100 ab
947 3056 1021 3101 ame

192 3148 341 3241 Despicis
356 3162 517 3235 errantes,
535 3149 743 3243 humanaque
761 3151 881 3245 gaudia
896 3150 991 3235 rides.

239 3268 380 3359 Tempus
396 3281 484 3353 erat,
499 3293 601 3360 quum
622 3282 653 3336 te
671 3271 808 3362 geminae
824 3269 978 3364 suffragia
997 3283 1093 3339 terrae

194 3385 400 3477 Diriperent,
419 3384 587 3479 celsusque
602 3387 682 3455 duas
698 3389 853 3457 veherere
869 3413 928 3483 per
945 3389 1042 3457 urbes
1061 3415 1070 3455 ε

195 3500 275 3569 Inde
292 3503 480 3571 Dicarcheis
498 3502 639 3573 multum
657 3507 841 3576 venerande
857 3505 997 3594 colonis,

192 3620 279 3687 ilinc
294 3621 392 3689 ascite
408 3623 510 3706 meis;
528 3625 714 3717 pariterque
734 3628 784 3695 his
800 3625 923 3720 largus,
939 3641 973 3695 et
991 3624 1071 3712 illis,

197 3740 244 3805 Ac
254 3735 400 3828 juvenile
419 3737 543 3825 calens,
560 3738 740 3836 plectrique
756 3769 868 3815 errore
888 3745 1057 3839 superbus.

195 3858 240 3921 At
260 3878 348 3923 nunc
366 3855 508 3924 discussa
523 3883 634 3927 rerum
653 3860 810 3956 caligine,
831 3889 948 3932 verum

195 3973 348 4064 Aspicis:
369 3972 425 4041 illo
443 3973 499 4042 alii
514 3999 626 4045 rursus
640 3980 805 4072 jactentur
824 3982 858 4071 in
876 3972 962 4062 alto;
