2812 5258
269 465 324 521 ηδ
561 459 772 516 THEBAIDOS
794 459 906 515 LtBEtt
928 461 977 514 xl.
1178 461 1210 520 (v.
1227 459 1299 523 σή.)

267 588 411 674 Solvite,
431 611 560 682 quaeso,
579 609 715 669 manus,
736 584 918 678 infestaque
940 584 1068 652 vincula
1090 585 1224 652 tandem

267 710 425 791 Dividite‚
442 722 476 777 et
492 705 638 774 medium
657 730 745 774 nunc
762 703 875 773 saltem
893 706 1055 773 admittite
1073 719 1212 798 patrem.
1227 734 1244 767 s

313 827 405 896 Talia
420 827 614 919 dequestus,
635 825 805 918 paullatim
827 842 986 895 sumserat
1006 828 1070 893 iras

266 949 403 1032 Mortis,
423 961 455 1012 et
472 943 599 1014 occulte
618 943 737 1029 telum,
756 947 788 1012 ni
809 960 882 1013 nata
902 958 1042 1029 vetaret,

266 1065 456 1155 Quaerebam
476 1063 532 1133 sed
551 1078 640 1132 casta
655 1088 755 1132 manu
773 1066 979 1133 subtraxerat
998 1089 1092 1132 enses

265 1186 455 1278 Antigone:
478 1184 559 1253 furit
576 1184 654 1251 inde
673 1208 794 1252 senex:
816 1185 911 1252 «Ubi
929 1186 1025 1251 noxia
1044 1181 1133 1250 tela?

265 1309 337 1371 Heu
349 1306 469 1391 Furiae,
485 1329 564 1372 num
579 1318 685 1371 totum
704 1305 785 1371 abiit
804 1307 837 1370 in
858 1327 996 1397 corpora
1015 1302 1159 1370 ferrum?
1173 1331 1190 1364 s

265 1424 438 1491 Dicentem
456 1446 565 1490 comes
584 1447 671 1516 tegra
689 1421 789 1509 levat,
807 1437 1000 1514 mutumque
1019 1420 1165 1490 dolorem

264 1545 339 1634 lpsa
359 1545 499 1635 premit,
518 1566 639 1611 saevum
658 1542 803 1636 gaudens
823 1541 984 1635 planxisse
1003 1553 1185 1633 parentem.

313 1659 402 1729 Olim
421 1675 532 1729 autem
550 1663 687 1755 inceptae
705 1660 850 1730 clamore
866 1662 1020 1728 exterrita
1040 1684 1160 1753 pugnae

265 1781 392 1873 Regina
406 1779 568 1850 extulerat
584 1794 699 1850 notum
721 1778 945 1874 penetralibus
964 1803 1091 1867 ensem,

265 1901 385 1972 Eusem
405 1899 585 1992 sceptriferi
607 1899 749 1994 spolium
769 1896 981 1994 lacrymabile
999 1900 1081 1967 Laii.

264 2018 437 2113 Multaque
453 2044 557 2112 quum
575 2022 711 2114 Superis
730 2035 762 2089 et
780 2019 854 2088 diro
873 2034 990 2112 questa
1006 2018 1124 2103 cubili,

264 2143 307 2207 Et
325 2142 393 2207 nati
411 2139 519 2225 furiis,
539 2154 572 2208 et
590 2141 690 2233 primi
709 2141 859 2234 conjugis
878 2139 1021 2226 umbris,
1069 2192 1073 2199 ·

264 2262 403 2327 Luctata
417 2274 467 2326 est
482 2258 616 2342 dextra,
633 2274 666 2326 et
686 2283 794 2350 prono
813 2261 866 2326 vix
886 2274 1019 2351 pectore
1038 2259 1161 2328 ferrum

263 2380 405 2444 Intravit
421 2375 572 2462 tandem,
591 2391 624 2444 et
640 2400 738 2444 venas
754 2379 907 2469 prorupit
925 2378 1028 2446 aniles

263 2493 408 2578 Vulnus,
427 2507 459 2560 et
479 2492 592 2562 infelix
610 2493 770 2563 lustratur
788 2495 948 2587 sanguine
968 2495 1081 2563 lectus.

264 2613 355 2683 lllius
374 2609 449 2681 exili
468 2613 662 2683 stridentem
679 2615 712 2682 in
732 2628 865 2709 pectore
884 2613 1014 2709 plagam

264 2738 392 2803 Ismene
410 2731 556 2828 collapsa
570 2759 670 2828 super
688 2733 904 2829 lacrymisque
922 2735 1090 2826 comisque

143 2894 147 2902 ·
264 2855 416 2924 Siccabat
433 2853 593 2949 plangens
612 2882 620 2922 ε
639 2855 745 2949 qualis
762 2852 992 2924 Marathonide
1010 2852 1091 2922 silva

265 2973 396 3043 Flebilis
415 2976 580 3069 Erigone,
599 2978 673 3044 caesi
692 3000 795 3069 prope
814 2973 929 3043 funera
947 2977 1068 3066 patris,

264 3095 443 3183 Qnestibus
461 3095 619 3164 absumtis
635 3096 759 3163 tristem
776 3094 843 3184 jam
861 3091 987 3161 solvere
1007 3094 1130 3162 nodum

264 3217 433 3307 Coeperat,
450 3229 483 3283 et
501 3216 600 3284 fortes
619 3239 726 3282 ramos
746 3215 906 3282 moritura
926 3213 1063 3308 legebat.

312 3338 355 3400 At
368 3336 456 3426 jm,
477 3335 550 3403 laeta
570 3334 691 3402 ducum
712 3357 784 3425 spes
804 3332 938 3403 elusisse
957 3334 1116 3421 duorum,

264 3454 329 3519 Res
348 3453 564 3544 Amphionias
581 3451 647 3520 alio
663 3468 894 3547 sceptrumque
911 3454 1054 3549 maligna

263 3569 486 3639 Transtulerat
504 3574 651 3640 Fortuna
669 3597 784 3657 manu,
802 3574 983 3667 Cadmique
1005 3576 1136 3643 tenebat

262 3692 279 3755 J
284 3714 341 3756 ura
360 3692 478 3757 Creon.
498 3691 601 3758 Miser
617 3692 685 3760 heu
701 3691 864 3761 bellorum
879 3691 1055 3762 terminus!
1079 3692 1125 3761 illi

262 3812 453 3901 Pugnarant
474 3808 589 3878 fratres
610 3836 618 3877 a
639 3813 728 3880 bunc
749 3828 782 3882 et
798 3816 963 3882 Mavortia
983 3812 1127 3882 clamant

264 3929 410 4013 Semina,
429 3943 462 3995 et
480 3932 648 4024 impensus
667 3935 780 4026 patriae
801 3930 911 4026 paullo
930 3949 1007 4003 ante
1021 3939 1209 4003 Menoeceus

266 4046 429 4118 Conciliat
449 4051 580 4145 populis
599 4079 606 4120 :
628 4051 755 4120 scandit
774 4052 871 4121 fatale
890 4068 1046 4146 tyrannus
