2774 5256
249 451 308 509 326
624 440 920 499 ADNOTATIONES

288 566 396 622 Melior
410 582 500 619 anons
519 581 556 636 qv.
579 557 653 636 406).
674 557 721 613 Sic
739 556 842 630 optimi
857 555 966 628 quique
985 552 1072 609 codd.
1093 551 1193 608 Prius
1212 554 1326 609 amnis.

249 658 306 716 Sed
320 676 411 713 annus
424 654 529 712 dicittu
542 671 595 726 pro
608 668 740 716 annona3
753 668 780 703 v.
800 651 935 703 Gronov.
951 648 1044 701 lliotr.
1052 686 1061 712 ,
1078 665 1111 719 p.
1135 644 1198 716 157
1217 666 1266 722 sq.

291 754 379 808 Falsa
399 767 471 805 nunc
484 766 521 824 (v.
538 745 593 811 ἠύ
608 740 693 818 sqq).
709 740 814 816 Tangit
831 741 941 797 fabulas
954 739 1117 812 Antiopes,
1143 740 1329 811 Alcmenes,

251 845 383 901 Semeles

294 937 393 1009 carpti
402 946 502 1007 putrer
520 928 558 1007 (v.
584 924 663 1003 467).
684 926 740 982 ΜΒ
761 944 766 978 :
790 923 958 999 «carpitque
977 933 1099 998 putres,
1116 947 1136 975 n
1172 925 1262 999 quod
1286 937 1327 980 est

251 1030 334 1105 plone
351 1013 516 1083 statianum.

293 1121 375 1177 Saea
388 1128 490 1172 natant
504 1115 543 1193 (v.
561 1110 639 1190 474).
659 1112 769 1184 Optimi
784 1112 843 1167 duo
857 1110 965 1165 Barthii
987 1119 1015 1164 et
1034 1111 1111 1185 Reg.
1147 1129 1160 1164 1
1196 1131 1204 1165 :
1230 1130 1326 1168 «saxa

253 1222 369 1268 terrent»
393 1204 525 1283 (gradus,
540 1203 622 1279 quod
638 1212 679 1258 est
692 1200 871 1277 subjectum).
1097 1200 1100 1208 '

296 1299 450 1357 lin'etert'da
462 1296 502 1375 (v.
522 1296 600 1371 480).
615 1298 688 1352 Vere
703 1295 808 1368 opinor
821 1294 875 1350 ΜΒ
889 1303 918 1348 et
937 1293 971 1347 al.
991 1292 1104 1348 Barthii
1127 1313 1206 1350 cum
1229 1314 1242 1350 ι
1266 1297 1323 1350 Be·

252 1397 312 1450 hot.
332 1411 340 1448 2
354 1393 505 1448 trieterica.
521 1391 564 1447 Cf.
579 1391 694 1445 Prosus
710 1387 747 1443 ad
760 1386 856 1463 virg„
874 1386 991 1460 Georg„
1006 1403 1066 1454 ιιι,
1087 1384 1141 1456 37,
1159 1397 1193 1442 et
1206 1399 1271 1444 not.
1285 1389 1326 1442 nd

254 1485 358 1542 AcltilI.
369 1524 379 1552 ,
400 1503 429 1554 1,
448 1482 513 1559 595.

295 1576 442 1631 Necnltra
455 1577 638 1629 Passerem...
653 1571 771 1625 vallavit
783 1568 822 1645 (r.
839 1565 915 1643 500).
931 1566 1004 1622 Mihi
1018 1584 1090 1622 cum
1103 1568 1242 1627 Barthio
1256 1590 1325 1627 vera

255 1667 397 1742 scriptura
415 1682 560 1738 superesse
573 1663 688 1718 ridetur
707 1661 736 1716 in
751 1662 806 1717 ΜΒ
821 1679 828 1714 :
842 1683 856 1710 ι
866 1659 1029 1732 ripamque,
1042 1677 1101 1714 nec
1121 1661 1209 1717 ultra
1224 1664 1325 1719 Posse

259 1761 380 1816 virum...
396 1757 541 1813 vallavit.»
560 1755 618 1811 Alii
637 1755 822 1829 praetulerint
835 1751 985 1807 lectionem
999 1750 1110 1808 codic'u
1126 1754 1261 1811 Palatini
1276 1775 1324 1830 ap.

256 1854 384 1907 Gronov.
399 1851 490 1905 Βίαν.
498 1889 508 1917 ,
522 1867 551 1923 p.
562 1849 639 1923 399:
654 1849 844 1903 Prcnsnrum:
858 1869 870 1894 ι
882 1843 912 1898 id
925 1854 968 1899 est
980 1853 1010 1899 et
1022 1844 1146 1899 vallavit
1162 1864 1231 1902 non
1245 1850 1322 1904 ultra

255 1960 441 2016 prensurum5
467 1941 604 1997 alluditur
625 1938 701 1996 enim
720 1937 801 2012 quod
822 1936 964 2009 praecessit
987 1957 993 1990 :
1017 1935 1105 2006 liujus
1126 1957 1221 2013 opem
1244 1959 1323 1995 nncn

255 2036 381 2109 arripuit
400 2036 512 2090 dextro.
525 2058 537 2084 ι
551 2032 608 2090 Sed
630 2031 738 2107 aliquid
759 2030 849 2103 majus
865 2039 1054 2103 exspectatur,
1078 2039 1129 2100 ut,
1154 2050 1224 2088 non
1239 2035 1319 2089 ultra

255 2138 469 2202 pugnaturum,
485 2145 544 2183 non
558 2127 632 2182 ultra
647 2124 813 2180 territurum
826 2123 929 2177 hostes.

301 2219 511 2294 Vorticibmque
524 2219 600 2273 caru
619 2218 692 2273 sedit
703 2215 740 2290 (v.
763 2213 839 2292 503).
855 2213 942 2270 Nihili
960 2212 1007 2268 hic
1030 2223 1071 2269 est
1091 2234 1156 2290 qne.
1180 2217 1319 2274 Omnino

259 2311 414 2387 legendum
428 2330 494 2368 cum
506 2311 562 2366 ΜΒ
577 2331 585 2366 ι
600 2308 777 2365 «vordcibus
794 2307 900 2362 recavis
914 2306 1081 2380 (retrorsum
1095 2306 1188 2383 cavis)
1202 2310 1293 2367 sedit.
1305 2337 1319 2360 ι.

299 2403 390 2457 Basta
405 2403 497 2457 dabas
515 2399 553 2478 (v.
570 2399 647 2476 518).
668 2403 743 2456 Bene
756 2400 818 2456 Nic.
838 2400 973 2455 Heinsius
992 2410 1022 2455 et
1041 2399 1144 2454 Markl.
1159 2401 1208 2453 ad
1224 2403 1295 2456 Sile.
1303 2443 1315 2469 ,

257 2512 311 2565 ιιι,
327 2511 361 2564 a,
378 2502 449 2563 ila,
462 2492 648 2548 restituerunt
664 2515 677 2541 ι
691 2493 773 2546 Iusta
792 2491 888 2548 dabas.
907 2515 919 2541 n
935 2491 1090 2548 sexcenties
1106 2491 1166 2545 nze
1181 2491 1266 2547 inter
1279 2512 1314 2548 sc

259 2596 417 2660 permutata
437 2584 468 2639 in
488 2583 571 2639 codd.
591 2583 681 2639 Statii.
703 2583 749 2640 Ad
765 2603 844 2659 seqq.
864 2586 1029 2660 glossator:
1051 2601 1189 2638 amorem
1211 2586 1313 2642 Athe-

258 2677 397 2734 niensium
416 2675 519 2752 tungit,
535 2676 587 2751 qui
599 2677 723 2732 hostium
738 2677 874 2735 cadavera
888 2697 947 2734 non
968 2677 1109 2754 negabant
1128 2678 1317 2749 sepntturae,

259 2770 424 2827 instituente
437 2770 554 2825 Theseo.
568 2770 624 2825 »In
643 2770 697 2825 hac
710 2789 741 2825 re
754 2782 905 2826 vertuntur
919 2772 1067 2844 Supplices
1084 2768 1250 2842 Euripidis.

299 2863 432 2918 Sedenim
446 2859 484 2938 (v.
508 2860 585 2939 521).
602 2863 656 2917 ΜΒ
676 2882 683 2915 :
704 2863 875 2929 ceciderunt,
895 2881 957 2934 quae
971 2861 1128 2933 explicatio
1148 2873 1204 2917 est.

300 2954 417 3027 Infestis
430 2954 467 3029 (v.
484 2950 561 3030 525).
577 2955 642 3008 Non
652 2953 778 3009 absimile
791 2952 981 3010 verovidetur
995 2955 1128 3021 insessis,
1138 2956 1226 3029 quod
1242 2975 1316 3012 con-

257 3046 325 3118 jecit
338 3046 400 3101 Nic.
416 3043 562 3115 Heinsius,
576 3047 705 3100 Adverso.
722 3066 761 3116 ιι,
778 3046 805 3116 Β,
819 3065 846 3119 ρ.
863 3045 929 3102 583.

297 3142 374 3193 Aera
392 3141 478 3192 laxat
501 3137 537 3212 (v.
563 3136 642 3204 534).
666 3166 677 3187 a
690 3139 787 3195 Nudat
806 3138 863 3193 sive
882 3137 1003 3193 liberum
1027 3139 1112 3208 iacit,
1135 3159 1229 3214 quem
1249 3155 1318 3198 ante

259 3231 428 3287 obtexerant
440 3229 520 3286 remi.
539 3253 550 3278 υ
572 3232 659 3286 Βιοτ.

297 3324 383 3376 AErea
398 3333 478 3394 terga
487 3322 598 3375 Loricoe
611 3321 649 3397 (v.
665 3320 740 3399 552).
755 3323 820 3376 Non
834 3320 1021 3377 necessarium
1032 3322 1113 3394 quod
1124 3342 1162 3377 cx
1178 3327 1320 3400 margine

257 3415 322 3469 cod.
342 3412 528 3470 Arundeliani
540 3415 669 3488 reposuit
687 3414 850 3470 Gronovius
867 3415 995 3469 :«AErea
1009 3426 1087 3469 texta
1104 3417 1124 3468 l.
1144 3440 1156 3464 ι

300 3507 423 3559 Vulnera
440 3505 479 3582 (r.
499 3503 578 3582 567).
594 3506 694 3562 Markl.
712 3507 755 3560 ad
767 3505 848 3570 Situ,
863 3525 891 3575 v,
915 3525 943 3576 1,
966 3506 1000 3561 18
1017 3526 1023 3557 :
1030 3506 1152 3578 funera.
1164 3510 1238 3563 Post
1256 3512 1315 3565 Tc-

254 3597 346 3674 geotis
364 3597 469 3671 ephebi
480 3612 573 3653 mater
584 3609 627 3654 est
640 3597 836 3672 Parthenopaei
849 3599 988 3653 Atalanta.

297 3688 548 3765 Effigiesquesuas
558 3688 596 3767 (v.
612 3688 689 3767 ὅθι).
699 3714 714 3741 α
723 3695 801 3763 Quas
814 3690 874 3764 ipsa
888 3689 1028 3764 chlamydi
1046 3687 1096 3743 titii
1106 3690 1294 3748 intexuerat.
1308 3720 1320 3741 ι

256 3786 364 3839 Βιιτιι.
375 3782 448 3837 Vide
462 3799 548 3854 supra
562 3792 634 3837 nott.
643 3784 681 3839 ad
694 3803 734 3854 xv,
757 3784 825 3854 175,
840 3793 867 3838 et
881 3800 927 3851 vr,
943 3800 988 3856 79.
1008 3783 1170 3838 Simulacra
1189 3797 1269 3840 nota
1281 3787 1321 3842 de

256 3874 341 3951 signis
364 3893 510 3930 armorum
523 3875 671 3948 insculptis
685 3875 816 3950 intelligit
830 3876 1012 3943 Welclxerus,
1025 3875 1054 3929 in
1068 3874 1160 3928 Notit.
1171 3876 1217 3930 lit.
1237 3879 1318 3935 cito-

255 3979 316 4038 tus,
335 3986 362 4041 p.
387 3966 457 4037 145,
470 3979 529 4023 not.
545 3968 730 4042 96.—Post‚
740 3989 765 4022 v.
788 3969 860 4038 584,
875 3971 930 4024 ΜΒ
946 3989 952 4022 :
965 3979 1078 4040 totoque
1093 3970 1198 4041 eregit
1211 3985 1316 4043 pecc,

256 4058 304 4114 sed
325 4061 402 4135 vulg.
420 4061 506 4117 habes
520 4061 602 4116 etiam
622 4061 700 4133 apud
720 4063 795 4116 Lact.
