<?xml version="1.0" encoding="UTF-8"?>
<!DOCTYPE html PUBLIC "-//W3C//DTD XHTML 1.0 Transitional//EN"
    "http://www.w3.org/TR/xhtml1/DTD/xhtml1-transitional.dtd">
<html xmlns="http://www.w3.org/1999/xhtml" xml:lang="en" lang="en">
 <head>
  <title>
</title>
<meta http-equiv="Content-Type" content="text/html;charset=utf-8" />
  <meta name='ocr-system' content='tesseract 3.04.00' />
  <meta name='ocr-capabilities' content='ocr_page ocr_carea ocr_par ocr_line ocrx_word'/>
</head>
<body>
  <div class='ocr_page' id='page_1' title='image "./publiipapiniist01statgoog_0304.png"; bbox 0 0 2812 5258; ppageno 0'>
   <div class='ocr_carea' id='block_1_1' title="bbox 184 404 893 466">
    <p class='ocr_par' dir='ltr' id='par_1_1' title="bbox 184 404 893 466">
     <span class='ocr_line' id='line_1_1' title="bbox 184 404 893 466; baseline -0.013 0"><span class='ocrx_word' id='word_1_1' title='bbox 184 411 202 466; x_wconf 83' lang='lat'><em>8</em></span> <span class='ocrx_word' id='word_1_2' title='bbox 484 407 692 463; x_wconf 79' lang='lat' dir='ltr'>THEBAIDOS</span> <span class='ocrx_word' id='word_1_3' title='bbox 713 406 824 459; x_wconf 84' lang='lat' dir='ltr'>LIBER</span> <span class='ocrx_word' id='word_1_4' title='bbox 843 404 893 457; x_wconf 86' lang='lat' dir='ltr'>IV.</span> 
     </span>
    </p>
   </div>
   <div class='ocr_carea' id='block_1_2' title="bbox 76 527 1136 1227">
    <p class='ocr_par' dir='ltr' id='par_1_2' title="bbox 186 527 1028 630">
     <span class='ocr_line' id='line_1_2' title="bbox 186 527 1028 630; baseline -0.018 -24"><span class='ocrx_word' id='word_1_5' title='bbox 186 537 317 606; x_wconf 85' lang='lat' dir='ltr'>Scilicet</span> <span class='ocrx_word' id='word_1_6' title='bbox 335 535 419 630; x_wconf 88' lang='lat' dir='ltr'>(heu</span> <span class='ocrx_word' id='word_1_7' title='bbox 434 529 568 625; x_wconf 74' lang='lat' dir='ltr'>Superi)</span> <span class='ocrx_word' id='word_1_8' title='bbox 584 555 689 624; x_wconf 91' lang='lat' dir='ltr'>quum</span> <span class='ocrx_word' id='word_1_9' title='bbox 704 545 740 598; x_wconf 94' lang='lat' dir='ltr'>tu</span> <span class='ocrx_word' id='word_1_10' title='bbox 759 527 894 597; x_wconf 86' lang='lat' dir='ltr'>eludare</span> <span class='ocrx_word' id='word_1_11' title='bbox 909 528 1028 594; x_wconf 90' lang='lat' dir='ltr'>minaci</span> 
     </span>
    </p>

    <p class='ocr_par' dir='ltr' id='par_1_3' title="bbox 76 649 1029 865">
     <span class='ocr_line' id='line_1_3' title="bbox 76 649 1029 745; baseline -0.013 -20"><span class='ocrx_word' id='word_1_12' title='bbox 76 669 80 676; x_wconf 90' lang='lat'>&#39;</span> <span class='ocrx_word' id='word_1_13' title='bbox 186 655 335 739; x_wconf 81' lang='lat' dir='ltr'>Casside,</span> <span class='ocrx_word' id='word_1_14' title='bbox 352 654 556 745; x_wconf 86' lang='lat' dir='ltr'>ferratusque</span> <span class='ocrx_word' id='word_1_15' title='bbox 574 675 684 738; x_wconf 88' lang='lat' dir='ltr'>sones,</span> <span class='ocrx_word' id='word_1_16' title='bbox 703 674 766 744; x_wconf 93' lang='lat' dir='ltr'>ego</span> <span class='ocrx_word' id='word_1_17' title='bbox 784 649 894 716; x_wconf 91' lang='lat' dir='ltr'>divitis</span> <span class='ocrx_word' id='word_1_18' title='bbox 911 671 1029 715; x_wconf 91' lang='lat' dir='ltr'>aurum</span> 
     </span>
     <span class='ocr_line' id='line_1_4' title="bbox 185 768 957 865; baseline -0.012 -23"><span class='ocrx_word' id='word_1_19' title='bbox 185 774 372 845; x_wconf 76' lang='lat' dir='ltr'>Harmoniae</span> <span class='ocrx_word' id='word_1_20' title='bbox 383 770 492 841; x_wconf 87' lang='lat' dir='ltr'>dotale</span> <span class='ocrx_word' id='word_1_21' title='bbox 507 769 642 865; x_wconf 79' lang='lat' dir='ltr'>geram?</span> <span class='ocrx_word' id='word_1_22' title='bbox 659 769 751 838; x_wconf 89' lang='lat' dir='ltr'>dabit</span> <span class='ocrx_word' id='word_1_23' title='bbox 768 769 877 862; x_wconf 88' lang='lat' dir='ltr'>aptior</span> <span class='ocrx_word' id='word_1_24' title='bbox 896 768 957 834; x_wconf 87' lang='lat' dir='ltr'>ista</span> 
     </span>
    </p>

    <p class='ocr_par' dir='ltr' id='par_1_4' title="bbox 183 886 1136 1227">
     <span class='ocr_line' id='line_1_5' title="bbox 184 886 1125 985; baseline -0.011 -23"><span class='ocrx_word' id='word_1_25' title='bbox 184 897 265 962; x_wconf 87' lang='lat' dir='ltr'>Fors</span> <span class='ocrx_word' id='word_1_26' title='bbox 281 896 391 975; x_wconf 88' lang='lat' dir='ltr'>Deus,</span> <span class='ocrx_word' id='word_1_27' title='bbox 406 889 642 985; x_wconf 80' lang='lat' dir='ltr'>Argolicasque</span> <span class='ocrx_word' id='word_1_28' title='bbox 659 890 775 958; x_wconf 87' lang='lat' dir='ltr'>habitu</span> <span class='ocrx_word' id='word_1_29' title='bbox 793 887 954 981; x_wconf 61' lang='lat' dir='ltr'>praestabo</span> <span class='ocrx_word' id='word_1_30' title='bbox 972 886 1125 966; x_wconf 86' lang='lat' dir='ltr'>maritas,</span> 
     </span>
     <span class='ocr_line' id='line_1_6' title="bbox 184 1004 1136 1104; baseline -0.007 -25"><span class='ocrx_word' id='word_1_31' title='bbox 184 1013 296 1099; x_wconf 88' lang='lat' dir='ltr'>Quum</span> <span class='ocrx_word' id='word_1_32' title='bbox 312 1011 399 1104; x_wconf 86' lang='lat' dir='ltr'>regis</span> <span class='ocrx_word' id='word_1_33' title='bbox 417 1012 559 1104; x_wconf 83' lang='lat' dir='ltr'>conjux,</span> <span class='ocrx_word' id='word_1_34' title='bbox 581 1034 684 1102; x_wconf 88' lang='lat' dir='ltr'>quum</span> <span class='ocrx_word' id='word_1_35' title='bbox 701 1024 734 1076; x_wconf 90' lang='lat' dir='ltr'>te</span> <span class='ocrx_word' id='word_1_36' title='bbox 753 1009 835 1078; x_wconf 92' lang='lat' dir='ltr'>mihi</span> <span class='ocrx_word' id='word_1_37' title='bbox 855 1007 996 1100; x_wconf 90' lang='lat' dir='ltr'>sospite,</span> <span class='ocrx_word' id='word_1_38' title='bbox 1014 1004 1136 1098; x_wconf 88' lang='lat' dir='ltr'>templa</span> 
     </span>
     <span class='ocr_line' id='line_1_7' title="bbox 183 1125 981 1227; baseline -0.006 -28"><span class='ocrx_word' id='word_1_39' title='bbox 183 1132 312 1199; x_wconf 85' lang='lat' dir='ltr'>Votivis</span> <span class='ocrx_word' id='word_1_40' title='bbox 331 1129 499 1227; x_wconf 89' lang='lat' dir='ltr'>implenda</span> <span class='ocrx_word' id='word_1_41' title='bbox 516 1131 626 1200; x_wconf 88' lang='lat' dir='ltr'>choris</span> <span class='ocrx_word' id='word_1_42' title='bbox 644 1155 651 1196; x_wconf 93' lang='lat'><strong>:</strong></span> <span class='ocrx_word' id='word_1_43' title='bbox 668 1153 757 1197; x_wconf 92' lang='lat' dir='ltr'>nunc</span> <span class='ocrx_word' id='word_1_44' title='bbox 775 1128 892 1196; x_wconf 87' lang='lat' dir='ltr'>induat</span> <span class='ocrx_word' id='word_1_45' title='bbox 911 1125 981 1215; x_wconf 89' lang='lat' dir='ltr'>illa,</span> 
     </span>
    </p>
   </div>
   <div class='ocr_carea' id='block_1_3' title="bbox 182 1250 1162 4105">
    <p class='ocr_par' dir='ltr' id='par_1_5' title="bbox 183 1250 1052 1347">
     <span class='ocr_line' id='line_1_8' title="bbox 183 1250 1052 1347; baseline -0.006 -28"><span class='ocrx_word' id='word_1_46' title='bbox 183 1251 266 1337; x_wconf 86' lang='lat' dir='ltr'>Quae</span> <span class='ocrx_word' id='word_1_47' title='bbox 283 1252 382 1344; x_wconf 89' lang='lat' dir='ltr'>petit,</span> <span class='ocrx_word' id='word_1_48' title='bbox 398 1268 431 1320; x_wconf 91' lang='lat' dir='ltr'>et</span> <span class='ocrx_word' id='word_1_49' title='bbox 447 1251 590 1322; x_wconf 84' lang='lat' dir='ltr'><strong>bellante</strong></span> <span class='ocrx_word' id='word_1_50' title='bbox 608 1267 718 1347; x_wconf 88' lang='lat' dir='ltr'>potest</span> <span class='ocrx_word' id='word_1_51' title='bbox 732 1251 876 1346; x_wconf 87' lang='lat' dir='ltr'>gaudere</span> <span class='ocrx_word' id='word_1_52' title='bbox 893 1250 1052 1318; x_wconf 80' lang='lat' dir='ltr'>marito.»</span> 
     </span>
    </p>

    <p class='ocr_par' dir='ltr' id='par_1_6' title="bbox 182 1371 1024 1586">
     <span class='ocr_line' id='line_1_9' title="bbox 232 1371 911 1468; baseline 0 -29"><span class='ocrx_word' id='word_1_53' title='bbox 232 1373 288 1440; x_wconf 90' lang='lat' dir='ltr'>Sic</span> <span class='ocrx_word' id='word_1_54' title='bbox 306 1371 509 1468; x_wconf 73' lang='lat' dir='ltr'>Eriphylaeos</span> <span class='ocrx_word' id='word_1_55' title='bbox 524 1397 643 1442; x_wconf 91' lang='lat' dir='ltr'>aurum</span> <span class='ocrx_word' id='word_1_56' title='bbox 661 1371 761 1441; x_wconf 87' lang='lat' dir='ltr'>fatale</span> <span class='ocrx_word' id='word_1_57' title='bbox 777 1386 911 1466; x_wconf 90' lang='lat' dir='ltr'>penates</span> 
     </span>
     <span class='ocr_line' id='line_1_10' title="bbox 182 1491 1024 1586; baseline -0.001 -27"><span class='ocrx_word' id='word_1_58' title='bbox 182 1493 326 1586; x_wconf 83' lang='lat' dir='ltr'>Irrupit,</span> <span class='ocrx_word' id='word_1_59' title='bbox 345 1491 571 1586; x_wconf 82' lang='lat' dir='ltr'>scelerumque</span> <span class='ocrx_word' id='word_1_60' title='bbox 592 1494 738 1586; x_wconf 90' lang='lat' dir='ltr'>ingentia</span> <span class='ocrx_word' id='word_1_61' title='bbox 759 1493 883 1559; x_wconf 89' lang='lat' dir='ltr'>semina</span> <span class='ocrx_word' id='word_1_62' title='bbox 902 1493 1024 1570; x_wconf 85' lang='lat' dir='ltr'>movit,</span> 
     </span>
    </p>

    <p class='ocr_par' dir='ltr' id='par_1_7' title="bbox 183 1610 909 1706">
     <span class='ocr_line' id='line_1_11' title="bbox 183 1610 909 1706; baseline 0 -28"><span class='ocrx_word' id='word_1_63' title='bbox 183 1610 228 1678; x_wconf 91' lang='lat' dir='ltr'>Et</span> <span class='ocrx_word' id='word_1_64' title='bbox 244 1635 343 1704; x_wconf 87' lang='lat' dir='ltr'>grave</span> <span class='ocrx_word' id='word_1_65' title='bbox 361 1613 542 1706; x_wconf 88' lang='lat' dir='ltr'>Tisiphone</span> <span class='ocrx_word' id='word_1_66' title='bbox 558 1613 631 1680; x_wconf 85' lang='lat' dir='ltr'>risit</span> <span class='ocrx_word' id='word_1_67' title='bbox 650 1612 761 1705; x_wconf 86' lang='lat' dir='ltr'>gavisa</span> <span class='ocrx_word' id='word_1_68' title='bbox 779 1610 909 1679; x_wconf 81' lang='lat' dir='ltr'>tuturis.</span> 
     </span>
    </p>

    <p class='ocr_par' dir='ltr' id='par_1_8' title="bbox 183 1729 1130 2180">
     <span class='ocr_line' id='line_1_12' title="bbox 230 1729 1082 1825; baseline 0.002 -29"><span class='ocrx_word' id='word_1_69' title='bbox 230 1730 393 1798; x_wconf 73' lang='lat' dir='ltr'>Taenareis</span> <span class='ocrx_word' id='word_1_70' title='bbox 411 1730 465 1798; x_wconf 90' lang='lat' dir='ltr'>hic</span> <span class='ocrx_word' id='word_1_71' title='bbox 481 1729 586 1799; x_wconf 88' lang='lat' dir='ltr'>celsus</span> <span class='ocrx_word' id='word_1_72' title='bbox 604 1732 715 1824; x_wconf 89' lang='lat' dir='ltr'>equis,</span> <span class='ocrx_word' id='word_1_73' title='bbox 730 1756 833 1825; x_wconf 90' lang='lat' dir='ltr'>quam</span> <span class='ocrx_word' id='word_1_74' title='bbox 849 1729 979 1823; x_wconf 77' lang='lat' dir='ltr'>dispare</span> <span class='ocrx_word' id='word_1_75' title='bbox 996 1744 1082 1799; x_wconf 88' lang='lat' dir='ltr'>coetu</span> 
     </span>
     <span class='ocr_line' id='line_1_13' title="bbox 183 1847 992 1946; baseline -0.001 -26"><span class='ocrx_word' id='word_1_76' title='bbox 183 1847 350 1942; x_wconf 89' lang='lat' dir='ltr'>Cyllarus,</span> <span class='ocrx_word' id='word_1_77' title='bbox 370 1849 486 1943; x_wconf 90' lang='lat' dir='ltr'>ignaro</span> <span class='ocrx_word' id='word_1_78' title='bbox 504 1867 677 1946; x_wconf 70' lang='lat' dir='ltr'>generaret</span> <span class='ocrx_word' id='word_1_79' title='bbox 693 1856 832 1924; x_wconf 80' lang='lat' dir='ltr'>Castore</span> <span class='ocrx_word' id='word_1_80' title='bbox 850 1849 992 1946; x_wconf 76' lang='lat' dir='ltr'>prolem,</span> 
     </span>
     <span class='ocr_line' id='line_1_14' title="bbox 183 1971 1130 2058; baseline 0.003 -21"><span class='ocrx_word' id='word_1_81' title='bbox 183 1972 329 2058; x_wconf 87' lang='lat' dir='ltr'>Quassat</span> <span class='ocrx_word' id='word_1_82' title='bbox 348 1971 511 2040; x_wconf 88' lang='lat' dir='ltr'>humum:</span> <span class='ocrx_word' id='word_1_83' title='bbox 525 1987 635 2042; x_wconf 84' lang='lat' dir='ltr'>vatem</span> <span class='ocrx_word' id='word_1_84' title='bbox 648 1972 740 2043; x_wconf 90' lang='lat' dir='ltr'>cultu</span> <span class='ocrx_word' id='word_1_85' title='bbox 755 1975 928 2043; x_wconf 85' lang='lat' dir='ltr'>Parnassia</span> <span class='ocrx_word' id='word_1_86' title='bbox 945 1986 1130 2041; x_wconf 87' lang='lat' dir='ltr'>monstrant</span> 
     </span>
     <span class='ocr_line' id='line_1_15' title="bbox 184 2088 902 2180; baseline 0.008 -23"><span class='ocrx_word' id='word_1_87' title='bbox 184 2088 330 2177; x_wconf 88' lang='lat' dir='ltr'>Vellera,</span> <span class='ocrx_word' id='word_1_88' title='bbox 351 2091 519 2162; x_wconf 82' lang='lat' dir='ltr'>frondenti</span> <span class='ocrx_word' id='word_1_89' title='bbox 531 2093 673 2164; x_wconf 87' lang='lat' dir='ltr'>crinitur</span> <span class='ocrx_word' id='word_1_90' title='bbox 688 2096 786 2164; x_wconf 88' lang='lat' dir='ltr'>cassis</span> <span class='ocrx_word' id='word_1_91' title='bbox 800 2092 902 2180; x_wconf 86' lang='lat' dir='ltr'>oliva,</span> 
     </span>
    </p>

    <p class='ocr_par' dir='ltr' id='par_1_9' title="bbox 184 2207 977 2308">
     <span class='ocr_line' id='line_1_16' title="bbox 184 2207 977 2308; baseline 0.001 -30"><span class='ocrx_word' id='word_1_92' title='bbox 184 2207 333 2304; x_wconf 77' lang='lat' dir='ltr'>Albaque</span> <span class='ocrx_word' id='word_1_93' title='bbox 353 2215 511 2306; x_wconf 81' lang='lat' dir='ltr'>puniceas</span> <span class='ocrx_word' id='word_1_94' title='bbox 527 2212 717 2308; x_wconf 84' lang='lat' dir='ltr'>interplicat</span> <span class='ocrx_word' id='word_1_95' title='bbox 734 2211 836 2281; x_wconf 84' lang='lat' dir='ltr'>infula</span> <span class='ocrx_word' id='word_1_96' title='bbox 853 2214 977 2280; x_wconf 80' lang='lat' dir='ltr'>cristas.</span> 
     </span>
    </p>

    <p class='ocr_par' dir='ltr' id='par_1_10' title="bbox 184 2330 1136 2787">
     <span class='ocr_line' id='line_1_17' title="bbox 184 2330 1106 2426; baseline -0.002 -26"><span class='ocrx_word' id='word_1_97' title='bbox 184 2334 285 2400; x_wconf 82' lang='lat' dir='ltr'>Arma</span> <span class='ocrx_word' id='word_1_98' title='bbox 302 2330 414 2418; x_wconf 83' lang='lat' dir='ltr'>simul,</span> <span class='ocrx_word' id='word_1_99' title='bbox 434 2356 636 2426; x_wconf 89' lang='lat' dir='ltr'>prensasque</span> <span class='ocrx_word' id='word_1_100' title='bbox 649 2336 732 2426; x_wconf 87' lang='lat' dir='ltr'>jugo</span> <span class='ocrx_word' id='word_1_101' title='bbox 748 2330 938 2400; x_wconf 87' lang='lat' dir='ltr'>moderatur</span> <span class='ocrx_word' id='word_1_102' title='bbox 955 2331 1106 2399; x_wconf 88' lang='lat' dir='ltr'>habenas.</span> 
     </span>
     <span class='ocr_line' id='line_1_18' title="bbox 185 2448 1033 2545; baseline 0.002 -29"><span class='ocrx_word' id='word_1_103' title='bbox 185 2448 270 2517; x_wconf 88' lang='lat' dir='ltr'>Hinc</span> <span class='ocrx_word' id='word_1_104' title='bbox 284 2461 383 2540; x_wconf 88' lang='lat' dir='ltr'>atque</span> <span class='ocrx_word' id='word_1_105' title='bbox 399 2449 478 2518; x_wconf 89' lang='lat' dir='ltr'>inde</span> <span class='ocrx_word' id='word_1_106' title='bbox 494 2475 597 2520; x_wconf 84' lang='lat' dir='ltr'>morae</span> <span class='ocrx_word' id='word_1_107' title='bbox 607 2450 745 2545; x_wconf 84' lang='lat' dir='ltr'>jaculis,</span> <span class='ocrx_word' id='word_1_108' title='bbox 760 2465 798 2524; x_wconf 67' lang='lat' dir='ltr'>et,</span> <span class='ocrx_word' id='word_1_109' title='bbox 810 2450 916 2520; x_wconf 85' lang='lat' dir='ltr'>ferrea</span> <span class='ocrx_word' id='word_1_110' title='bbox 933 2475 1033 2519; x_wconf 90' lang='lat' dir='ltr'>curru</span> 
     </span>
     <span class='ocr_line' id='line_1_19' title="bbox 185 2568 1136 2669; baseline -0.003 -29"><span class='ocrx_word' id='word_1_111' title='bbox 185 2568 274 2640; x_wconf 87' lang='lat' dir='ltr'>Silva</span> <span class='ocrx_word' id='word_1_112' title='bbox 288 2570 424 2640; x_wconf 86' lang='lat' dir='ltr'>tremit:</span> <span class='ocrx_word' id='word_1_113' title='bbox 444 2569 562 2664; x_wconf 88' lang='lat' dir='ltr'>procul</span> <span class='ocrx_word' id='word_1_114' title='bbox 582 2574 652 2669; x_wconf 89' lang='lat' dir='ltr'>ipse</span> <span class='ocrx_word' id='word_1_115' title='bbox 669 2573 762 2668; x_wconf 88' lang='lat' dir='ltr'>gravi</span> <span class='ocrx_word' id='word_1_116' title='bbox 779 2573 977 2642; x_wconf 88' lang='lat' dir='ltr'>metuendus</span> <span class='ocrx_word' id='word_1_117' title='bbox 992 2572 1027 2641; x_wconf 93' lang='lat' dir='ltr'>in</span> <span class='ocrx_word' id='word_1_118' title='bbox 1043 2572 1136 2639; x_wconf 87' lang='lat' dir='ltr'>hasta</span> 
     </span>
     <span class='ocr_line' id='line_1_20' title="bbox 184 2690 1006 2787; baseline -0.002 -26"><span class='ocrx_word' id='word_1_119' title='bbox 184 2693 332 2780; x_wconf 88' lang='lat' dir='ltr'>Eminet,</span> <span class='ocrx_word' id='word_1_120' title='bbox 351 2706 385 2760; x_wconf 88' lang='lat' dir='ltr'>et</span> <span class='ocrx_word' id='word_1_121' title='bbox 401 2690 516 2787; x_wconf 92' lang='lat' dir='ltr'>clypeo</span> <span class='ocrx_word' id='word_1_122' title='bbox 531 2694 657 2763; x_wconf 89' lang='lat' dir='ltr'>victum</span> <span class='ocrx_word' id='word_1_123' title='bbox 675 2694 827 2787; x_wconf 84' lang='lat' dir='ltr'>Pythona</span> <span class='ocrx_word' id='word_1_124' title='bbox 845 2705 1006 2764; x_wconf 89' lang='lat' dir='ltr'>coruscat.</span> 
     </span>
    </p>

    <p class='ocr_par' dir='ltr' id='par_1_11' title="bbox 183 2811 1162 3394">
     <span class='ocr_line' id='line_1_21' title="bbox 232 2811 1080 2912; baseline -0.005 -27"><span class='ocrx_word' id='word_1_125' title='bbox 232 2812 340 2912; x_wconf 83' lang='lat' dir='ltr'>Hujus</span> <span class='ocrx_word' id='word_1_126' title='bbox 352 2812 534 2910; x_wconf 75' lang='lat' dir='ltr'>Apollineae</span> <span class='ocrx_word' id='word_1_127' title='bbox 550 2841 687 2886; x_wconf 91' lang='lat' dir='ltr'>currum</span> <span class='ocrx_word' id='word_1_128' title='bbox 705 2817 906 2887; x_wconf 87' lang='lat' dir='ltr'>comitantur</span> <span class='ocrx_word' id='word_1_129' title='bbox 924 2811 1080 2906; x_wconf 76' lang='lat' dir='ltr'>Amyclae,</span> 
     </span>
     <span class='ocr_line' id='line_1_22' title="bbox 185 2932 988 3034; baseline -0.005 -27"><span class='ocrx_word' id='word_1_130' title='bbox 185 2941 280 3027; x_wconf 88' lang='lat' dir='ltr'>Quos</span> <span class='ocrx_word' id='word_1_131' title='bbox 295 2938 413 3034; x_wconf 91' lang='lat' dir='ltr'>Pylos,</span> <span class='ocrx_word' id='word_1_132' title='bbox 429 2956 463 3008; x_wconf 90' lang='lat' dir='ltr'>et</span> <span class='ocrx_word' id='word_1_133' title='bbox 480 2939 590 3009; x_wconf 87' lang='lat' dir='ltr'>dubiis</span> <span class='ocrx_word' id='word_1_134' title='bbox 606 2936 716 3010; x_wconf 87' lang='lat' dir='ltr'>Malea</span> <span class='ocrx_word' id='word_1_135' title='bbox 734 2940 833 3006; x_wconf 85' lang='lat' dir='ltr'>vitata</span> <span class='ocrx_word' id='word_1_136' title='bbox 851 2932 988 3018; x_wconf 88' lang='lat' dir='ltr'>carinis,</span> 
     </span>
     <span class='ocr_line' id='line_1_23' title="bbox 187 3056 1029 3154; baseline -0.007 -26"><span class='ocrx_word' id='word_1_137' title='bbox 187 3056 427 3154; x_wconf 83' lang='lat' dir='ltr'>Plaudentique</span> <span class='ocrx_word' id='word_1_138' title='bbox 445 3058 573 3130; x_wconf 84' lang='lat' dir='ltr'>habiles</span> <span class='ocrx_word' id='word_1_139' title='bbox 588 3063 705 3153; x_wconf 75' lang='lat' dir='ltr'>Caryae</span> <span class='ocrx_word' id='word_1_140' title='bbox 722 3082 878 3127; x_wconf 90' lang='lat' dir='ltr'>resonare</span> <span class='ocrx_word' id='word_1_141' title='bbox 895 3056 1029 3141; x_wconf 88' lang='lat' dir='ltr'>Dianae,</span> 
     </span>
     <span class='ocr_line' id='line_1_24' title="bbox 185 3177 1162 3274; baseline -0.006 -25"><span class='ocrx_word' id='word_1_142' title='bbox 185 3180 281 3268; x_wconf 90' lang='lat' dir='ltr'>Quos</span> <span class='ocrx_word' id='word_1_143' title='bbox 298 3182 432 3265; x_wconf 83' lang='lat' dir='ltr'>Pharis,</span> <span class='ocrx_word' id='word_1_144' title='bbox 451 3178 691 3274; x_wconf 89' lang='lat' dir='ltr'>volucrumque</span> <span class='ocrx_word' id='word_1_145' title='bbox 708 3204 826 3274; x_wconf 91' lang='lat' dir='ltr'>parens</span> <span class='ocrx_word' id='word_1_146' title='bbox 845 3178 1022 3272; x_wconf 88' lang='lat' dir='ltr'>Cythereia</span> <span class='ocrx_word' id='word_1_147' title='bbox 1041 3177 1162 3261; x_wconf 86' lang='lat' dir='ltr'>Messe,</span> 
     </span>
     <span class='ocr_line' id='line_1_25' title="bbox 183 3298 996 3394; baseline -0.001 -26"><span class='ocrx_word' id='word_1_148' title='bbox 183 3302 387 3394; x_wconf 82' lang='lat' dir='ltr'>Taygetique</span> <span class='ocrx_word' id='word_1_149' title='bbox 404 3298 565 3394; x_wconf 84' lang='lat' dir='ltr'>phalanx,</span> <span class='ocrx_word' id='word_1_150' title='bbox 586 3315 620 3368; x_wconf 91' lang='lat' dir='ltr'>et</span> <span class='ocrx_word' id='word_1_151' title='bbox 634 3298 775 3368; x_wconf 83' lang='lat' dir='ltr'>oliviferi</span> <span class='ocrx_word' id='word_1_152' title='bbox 793 3303 926 3368; x_wconf 87' lang='lat' dir='ltr'>Eurotae</span> <span class='ocrx_word' id='word_1_153' title='bbox 995 3356 996 3360; x_wconf 65' lang='lat'>,</span> 
     </span>
    </p>

    <p class='ocr_par' dir='ltr' id='par_1_12' title="bbox 182 3419 1134 4105">
     <span class='ocr_line' id='line_1_26' title="bbox 183 3419 1068 3515; baseline -0.001 -28"><span class='ocrx_word' id='word_1_154' title='bbox 183 3421 278 3488; x_wconf 92' lang='lat' dir='ltr'>Dura</span> <span class='ocrx_word' id='word_1_155' title='bbox 298 3444 415 3489; x_wconf 87' lang='lat' dir='ltr'>manus</span> <span class='ocrx_word' id='word_1_156' title='bbox 430 3447 438 3487; x_wconf 76' lang='grc' dir='ltr'>ε</span> <span class='ocrx_word' id='word_1_157' title='bbox 454 3423 549 3488; x_wconf 86' lang='lat' dir='ltr'>Deus</span> <span class='ocrx_word' id='word_1_158' title='bbox 564 3421 635 3513; x_wconf 87' lang='lat' dir='ltr'>ipse</span> <span class='ocrx_word' id='word_1_159' title='bbox 649 3422 738 3488; x_wconf 89' lang='lat' dir='ltr'>viros</span> <span class='ocrx_word' id='word_1_160' title='bbox 758 3422 793 3488; x_wconf 92' lang='lat' dir='ltr'>in</span> <span class='ocrx_word' id='word_1_161' title='bbox 810 3420 947 3515; x_wconf 86' lang='lat' dir='ltr'>pulvere</span> <span class='ocrx_word' id='word_1_162' title='bbox 964 3419 1068 3489; x_wconf 90' lang='lat' dir='ltr'>crudo</span> 
     </span>
     <span class='ocr_line' id='line_1_27' title="bbox 183 3536 993 3633; baseline 0.002 -25"><span class='ocrx_word' id='word_1_163' title='bbox 183 3541 285 3608; x_wconf 81' lang='lat' dir='ltr'>Arcas</span> <span class='ocrx_word' id='word_1_164' title='bbox 302 3536 380 3627; x_wconf 82' lang='lat' dir='ltr'>alit,</span> <span class='ocrx_word' id='word_1_165' title='bbox 396 3539 561 3633; x_wconf 77' lang='lat' dir='ltr'>nudaeque</span> <span class='ocrx_word' id='word_1_166' title='bbox 576 3540 696 3609; x_wconf 92' lang='lat' dir='ltr'>modos</span> <span class='ocrx_word' id='word_1_167' title='bbox 712 3541 861 3629; x_wconf 88' lang='lat' dir='ltr'>virtutis,</span> <span class='ocrx_word' id='word_1_168' title='bbox 879 3556 913 3609; x_wconf 90' lang='lat' dir='ltr'>et</span> <span class='ocrx_word' id='word_1_169' title='bbox 930 3542 993 3610; x_wconf 89' lang='lat' dir='ltr'>iras</span> 
     </span>
     <span class='ocr_line' id='line_1_28' title="bbox 182 3659 1091 3754; baseline 0.002 -27"><span class='ocrx_word' id='word_1_170' title='bbox 182 3659 360 3753; x_wconf 88' lang='lat' dir='ltr'>Ingenerat</span> <span class='ocrx_word' id='word_1_171' title='bbox 381 3685 389 3726; x_wconf 75' lang='grc' dir='ltr'><strong>ε</strong></span> <span class='ocrx_word' id='word_1_172' title='bbox 407 3660 504 3754; x_wconf 82' lang='lat' dir='ltr'>vigor</span> <span class='ocrx_word' id='word_1_173' title='bbox 523 3660 600 3730; x_wconf 90' lang='lat' dir='ltr'>iude</span> <span class='ocrx_word' id='word_1_174' title='bbox 617 3662 755 3747; x_wconf 88' lang='lat' dir='ltr'>animis,</span> <span class='ocrx_word' id='word_1_175' title='bbox 773 3676 805 3729; x_wconf 93' lang='lat' dir='ltr'>et</span> <span class='ocrx_word' id='word_1_176' title='bbox 822 3664 939 3730; x_wconf 89' lang='lat' dir='ltr'>mortis</span> <span class='ocrx_word' id='word_1_177' title='bbox 954 3662 1091 3730; x_wconf 63' lang='lat' dir='ltr'>honora</span> 
     </span>
     <span class='ocr_line' id='line_1_29' title="bbox 183 3778 1071 3877; baseline 0.003 -29"><span class='ocrx_word' id='word_1_178' title='bbox 183 3778 290 3848; x_wconf 90' lang='lat' dir='ltr'>Dulce</span> <span class='ocrx_word' id='word_1_179' title='bbox 308 3803 462 3850; x_wconf 88' lang='lat' dir='ltr'>sacrum:</span> <span class='ocrx_word' id='word_1_180' title='bbox 480 3780 625 3875; x_wconf 82' lang='lat' dir='ltr'>gaudent</span> <span class='ocrx_word' id='word_1_181' title='bbox 641 3797 796 3850; x_wconf 86' lang='lat' dir='ltr'>natorum</span> <span class='ocrx_word' id='word_1_182' title='bbox 815 3782 881 3850; x_wconf 83' lang='lat' dir='ltr'>fata</span> <span class='ocrx_word' id='word_1_183' title='bbox 899 3798 1071 3877; x_wconf 86' lang='lat' dir='ltr'>parentes,</span> 
     </span>
     <span class='ocr_line' id='line_1_30' title="bbox 183 3900 1134 3996; baseline -0.001 -28"><span class='ocrx_word' id='word_1_184' title='bbox 183 3900 437 3996; x_wconf 83' lang='lat' dir='ltr'>Hortanturque</span> <span class='ocrx_word' id='word_1_185' title='bbox 451 3902 538 3970; x_wconf 88' lang='lat' dir='ltr'>mori</span> <span class='ocrx_word' id='word_1_186' title='bbox 554 3927 561 3968; x_wconf 76' lang='grc' dir='ltr'><em>τ</em></span> <span class='ocrx_word' id='word_1_187' title='bbox 576 3900 675 3970; x_wconf 86' lang='lat' dir='ltr'>deflet</span> <span class='ocrx_word' id='word_1_188' title='bbox 693 3904 828 3996; x_wconf 88' lang='lat' dir='ltr'>jamque</span> <span class='ocrx_word' id='word_1_189' title='bbox 845 3903 952 3971; x_wconf 89' lang='lat' dir='ltr'>omnis</span> <span class='ocrx_word' id='word_1_190' title='bbox 969 3903 1134 3995; x_wconf 90' lang='lat' dir='ltr'>ephebum</span> 
     </span>
     <span class='ocr_line' id='line_1_31' title="bbox 183 4021 997 4105; baseline 0 -16"><span class='ocrx_word' id='word_1_191' title='bbox 183 4021 314 4105; x_wconf 80' lang='lat' dir='ltr'>Turba3</span> <span class='ocrx_word' id='word_1_192' title='bbox 328 4023 493 4092; x_wconf 65' lang='lat' dir='ltr'>&#39;coronato</span> <span class='ocrx_word' id='word_1_193' title='bbox 510 4038 666 4091; x_wconf 87' lang='lat' dir='ltr'>contenta</span> <span class='ocrx_word' id='word_1_194' title='bbox 685 4037 733 4091; x_wconf 89' lang='lat' dir='ltr'>est</span> <span class='ocrx_word' id='word_1_195' title='bbox 751 4023 864 4091; x_wconf 81' lang='lat' dir='ltr'>sunere</span> <span class='ocrx_word' id='word_1_196' title='bbox 882 4037 997 4092; x_wconf 89' lang='lat' dir='ltr'>mater.</span> 
     </span>
    </p>
   </div>
   <div class='ocr_carea' id='block_1_4' title="bbox 0 0 1410 5258">
    <p class='ocr_par' dir='ltr' id='par_1_13' title="bbox 0 0 1410 5258">
     <span class='ocr_line' id='line_1_32' title="bbox 0 0 1410 5258; baseline 0 0"><span class='ocrx_word' id='word_1_197' title='bbox 0 0 1410 5258; x_wconf 95' lang='lat' dir='ltr'> </span> 
     </span>
    </p>
   </div>
  </div>
 </body>
</html>
