2812 5258
231 502 266 541 22
584 488 614 539 P.
635 483 756 540 runnu
775 482 895 538 snam
1169 495 1251 545 (ιω.)

229 605 374 697 Plectra)
390 631 449 674 nec
465 606 586 674 Aonias
601 605 725 672 decima
742 629 816 672 cum
833 601 964 671 Pallade
981 601 1086 685 divas,

230 728 299 792 Aut
315 725 426 790 mitem
442 727 569 815 Tegeae,
585 725 737 791 Dircesve
754 722 910 788 hortabor
922 719 1106 802 alumnum3

230 845 305 933 Ipse
318 843 409 928 veni,
423 843 572 932 viresque
589 864 688 907 novas
704 841 913 929 animumque
928 838 1091 922 ministra,

232 959 301 1044 Qui
315 960 440 1025 cancris
460 985 468 1024 ε
489 958 603 1026 dextro
622 981 683 1024 nec
700 957 787 1023 enim
806 957 876 1022 sine
894 956 1030 1021 numine
1049 969 1156 1022 tantus

234 1077 385 1144 Ausoniae
404 1076 521 1144 deeora
540 1074 648 1167 ampla
668 1088 764 1168 togae,
781 1086 976 1162 centumque
995 1071 1112 1139 dedisti

233 1192 396 1261 Judicium
416 1209 623 1285 mentemque
641 1195 727 1260 viris.
749 1193 839 1258 Licet
858 1191 975 1258 enthea
994 1191 1077 1257 vatis

232 1309 391 1378 Excludat
410 1310 555 1404 Pimplea
574 1311 681 1394 sitim,
701 1335 761 1377 nec
779 1310 907 1377 conscia
926 1306 1021 1374 detur

232 1429 366 1513 Pirene,
385 1427 491 1521 largos
510 1430 618 1521 potior
636 1428 716 1494 mihi
736 1451 853 1520 gurges
873 1428 907 1492 in
927 1424 1061 1491 haustus

232 1547 299 1632 Qui
319 1547 445 1637 rapitur
465 1545 612 1613 delente
633 1558 689 1611 tuo
709 1570 716 1610 :
738 1569 794 1611 seu
813 1542 910 1636 plana
929 1540 1043 1608 solutis

233 1663 346 1748 Quum
365 1662 463 1728 struis
481 1685 555 1727 orsa
575 1661 694 1745 modis,
711 1686 768 1729 seu
785 1685 886 1752 quum
905 1660 963 1728 tibi
980 1656 1083 1726 dulcis
1098 1661 1132 1725 in
1147 1673 1249 1727 artem

233 1779 419 1871 Frangitur,
438 1792 470 1844 et
490 1791 615 1844 nostras
634 1792 726 1846 curat
745 1777 895 1845 facundia
916 1775 1011 1869 leges.

282 1897 395 1982 Quare
414 1919 489 1987 age,
507 1897 534 1961 si
553 1895 663 1962 Cereri
680 1919 738 1963 sun
758 1894 858 1979 dona,
878 1917 1070 1985 merumque
1087 1895 1185 1986 Lym

233 2012 425 2098 Reddimus,
445 2028 479 2081 et
496 2013 586 2079 dives
603 2013 737 2105 praedae,
756 2027 864 2080 tamen
885 2013 1001 2104 accipit
1018 2012 1108 2079 omni

233 2132 373 2199 Exuvias
393 2133 501 2199 Diana
519 2129 626 2217 tholo,
644 2133 836 2223 captivaque
855 2128 919 2198 tela

232 2247 444 2343 Bellipotens3
463 2274 523 2318 nec
543 2265 592 2334 tu,
611 2251 742 2343 quando
762 2250 837 2334 tibi,
855 2245 993 2332 Gallice,
1012 2247 1118 2339 majus

232 2364 428 2458 Eloquium,
448 2367 602 2459 fandique
621 2369 739 2460 opibus
757 2365 903 2435 sublimis
922 2364 1089 2450 abundas,

232 2485 357 2575 Sperne
376 2481 437 2551 coli
459 2486 606 2551 tenuiore
624 2482 702 2576 lyra.
723 2486 814 2576 Vaga
833 2485 975 2577 cingitur
992 2483 1087 2551 astris

234 2602 343 2686 Luna,
362 2615 395 2668 et
414 2602 448 2667 in
468 2624 626 2669 oceanum
646 2603 707 2668 rivi
726 2601 869 2670 cecidere
889 2604 1041 2670 minores.-

280 2720 363 2806 Quae
382 2719 440 2786 tibi
460 2718 616 2788 sollicitus
637 2719 791 2813 persolvit
810 2723 943 2812 praemia
962 2742 1092 2795 morum

233 2837 333 2903 Urbis
350 2835 462 2903 amor?
480 2862 552 2929 quae
572 2852 642 2907 tum
662 2852 858 2931 patrumque
877 2840 1089 2931 equitumque
1107 2839 1220 2908 notavi

232 2954 389 3037 Lumina,
409 2967 442 3020 et
460 2955 579 3047 ignarae
599 2954 702 3047 plebis
721 2955 831 3049 lugere
848 2955 1022 3049 potentes?

232 3071 307 3140 Non
329 3068 457 3139 labente
473 3073 581 3142 Numa
600 3075 709 3141 timuit
728 3075 776 3142 sic
793 3076 883 3142 curia
903 3071 995 3156 felix,

231 3190 388 3281 Pompeio
406 3214 467 3259 nec
483 3188 587 3259 celsus
607 3215 719 3285 eques,
739 3217 799 3260 nec
818 3192 937 3260 femina
957 3195 1068 3260 Bruto.

233 3311 303 3375 Hoc
321 3305 418 3392 illud;
437 3311 542 3378 tristes
562 3312 701 3380 invitum
718 3309 832 3378 audire
850 3323 993 3394 catenas,

233 3426 369 3492 Parcere
387 3427 590 3512 verberibus,
611 3454 670 3497 nec
688 3452 752 3520 qua
767 3427 861 3520 jubet
878 3427 944 3495 alta
961 3439 1101 3520 potestas

233 3544 299 3629 Ire,
318 3542 375 3612 sed
394 3558 534 3611 armatas
554 3544 695 3612 multum
712 3545 772 3612 sibi
794 3543 923 3612 demere
943 3547 1047 3629 vires,

232 3662 435 3753 Dignarique
453 3684 569 3728 manus
588 3661 744 3748 humiles,
763 3677 794 3730 et
812 3664 910 3730 verba
932 3676 1142 3755 precantum

233 3776 381 3850 Reddere
397 3779 473 3870 jura
490 3779 576 3866 foro,
593 3803 654 3848 nec
673 3782 865 3872 proturbare
884 3779 1029 3864 curules,

232 3900 275 3966 llt
292 3896 415 3964 ferrum
432 3895 575 3965 mulcere
593 3910 678 3990 toga.
697 3900 750 3967 Sic
769 3901 835 3968 itur
851 3900 885 3964 in
903 3896 967 3966 alta

233 4017 383 4100 Pectora,
402 4015 448 4084 ric
465 4016 569 4083 mixto
588 4019 768 4084 reverentia
787 4041 820 4084 se
839 4016 895 4084 dat
915 4017 1028 4084 amori.
