<?xml version="1.0" encoding="UTF-8"?>
<!DOCTYPE html PUBLIC "-//W3C//DTD XHTML 1.0 Transitional//EN"
    "http://www.w3.org/TR/xhtml1/DTD/xhtml1-transitional.dtd">
<html xmlns="http://www.w3.org/1999/xhtml" xml:lang="en" lang="en">
 <head>
  <title>
</title>
<meta http-equiv="Content-Type" content="text/html;charset=utf-8" />
  <meta name='ocr-system' content='tesseract 3.04.00' />
  <meta name='ocr-capabilities' content='ocr_page ocr_carea ocr_par ocr_line ocrx_word'/>
</head>
<body>
  <div class='ocr_page' id='page_1' title='image "./publiipapiniist01statgoog_0536.png"; bbox 0 0 2812 5258; ppageno 0'>
   <div class='ocr_carea' id='block_1_1' title="bbox 97 427 1131 496">
    <p class='ocr_par' dir='ltr' id='par_1_1' title="bbox 97 427 1131 496">
     <span class='ocr_line' id='line_1_1' title="bbox 97 427 1131 496; baseline 0.004 -16"><span class='ocrx_word' id='word_1_1' title='bbox 97 432 209 496; x_wconf 57' lang='lat' dir='ltr'><strong>(aare.)</strong></span> <span class='ocrx_word' id='word_1_2' title='bbox 399 428 613 484; x_wconf 80' lang='lat' dir='ltr'><strong>ruuumoos</strong></span> <span class='ocrx_word' id='word_1_3' title='bbox 636 428 744 481; x_wconf 77' lang='lat' dir='ltr'><strong>trouu</strong></span> <span class='ocrx_word' id='word_1_4' title='bbox 765 428 828 481; x_wconf 81' lang='lat' dir='ltr'><strong>xu.</strong></span> <span class='ocrx_word' id='word_1_5' title='bbox 1077 427 1131 495; x_wconf 70' lang='lat'><strong>243</strong></span> 
     </span>
    </p>
   </div>
   <div class='ocr_carea' id='block_1_2' title="bbox 97 551 1110 2080">
    <p class='ocr_par' dir='ltr' id='par_1_2' title="bbox 97 551 1110 2080">
     <span class='ocr_line' id='line_1_2' title="bbox 100 551 1009 650; baseline -0.008 -25"><span class='ocrx_word' id='word_1_6' title='bbox 100 560 147 625; x_wconf 92' lang='lat' dir='ltr'><strong>Ut</strong></span> <span class='ocrx_word' id='word_1_7' title='bbox 166 553 313 650; x_wconf 80' lang='lat' dir='ltr'><strong>paullum</strong></span> <span class='ocrx_word' id='word_1_8' title='bbox 332 555 478 620; x_wconf 91' lang='lat' dir='ltr'><strong>immisso</strong></span> <span class='ocrx_word' id='word_1_9' title='bbox 494 553 591 620; x_wconf 80' lang='lat' dir='ltr'><strong>cessit</strong></span> <span class='ocrx_word' id='word_1_10' title='bbox 609 553 706 619; x_wconf 91' lang='lat' dir='ltr'><strong>statio</strong></span> <span class='ocrx_word' id='word_1_11' title='bbox 725 551 860 619; x_wconf 89' lang='lat' dir='ltr'><strong>horrida</strong></span> <span class='ocrx_word' id='word_1_12' title='bbox 879 577 1009 637; x_wconf 88' lang='lat' dir='ltr'><strong>somno,</strong></span> 
     </span>
     <span class='ocr_line' id='line_1_3' title="bbox 98 673 902 768; baseline -0.005 -24"><span class='ocrx_word' id='word_1_13' title='bbox 98 675 252 768; x_wconf 89' lang='lat' dir='ltr'><strong>Erumpit</strong></span> <span class='ocrx_word' id='word_1_14' title='bbox 268 674 395 742; x_wconf 89' lang='lat' dir='ltr'><strong>muris:</strong></span> <span class='ocrx_word' id='word_1_15' title='bbox 417 673 549 740; x_wconf 82' lang='lat' dir='ltr'>fremitu</span> <span class='ocrx_word' id='word_1_16' title='bbox 572 696 639 765; x_wconf 93' lang='lat' dir='ltr'><strong>quo</strong></span> <span class='ocrx_word' id='word_1_17' title='bbox 658 673 788 739; x_wconf 89' lang='lat' dir='ltr'><strong>territat</strong></span> <span class='ocrx_word' id='word_1_18' title='bbox 806 696 902 766; x_wconf 88' lang='lat' dir='ltr'><strong>agros</strong></span> 
     </span>
     <span class='ocr_line' id='line_1_4' title="bbox 98 790 882 890; baseline -0.005 -27"><span class='ocrx_word' id='word_1_19' title='bbox 98 797 247 890; x_wconf 83' lang='lat' dir='ltr'>Virginis</span> <span class='ocrx_word' id='word_1_20' title='bbox 265 797 312 862; x_wconf 88' lang='lat' dir='ltr'><strong>ira</strong></span> <span class='ocrx_word' id='word_1_21' title='bbox 328 791 385 862; x_wconf 84' lang='lat' dir='ltr'><strong>leae</strong></span> <span class='ocrx_word' id='word_1_22' title='bbox 402 793 530 876; x_wconf 83' lang='lat' dir='ltr'>rabies,</span> <span class='ocrx_word' id='word_1_23' title='bbox 549 794 604 861; x_wconf 92' lang='lat' dir='ltr'><strong>cui</strong></span> <span class='ocrx_word' id='word_1_24' title='bbox 624 790 728 860; x_wconf 87' lang='lat' dir='ltr'><strong>libera</strong></span> <span class='ocrx_word' id='word_1_25' title='bbox 749 791 882 860; x_wconf 88' lang='lat' dir='ltr'><strong>tandem</strong></span> 
     </span>
     <span class='ocr_line' id='line_1_5' title="bbox 97 909 1071 1009; baseline -0.005 -25"><span class='ocrx_word' id='word_1_26' title='bbox 97 920 141 985; x_wconf 85' lang='lat' dir='ltr'><strong>Et</strong></span> <span class='ocrx_word' id='word_1_27' title='bbox 161 917 286 1009; x_wconf 93' lang='lat' dir='ltr'><strong>primus</strong></span> <span class='ocrx_word' id='word_1_28' title='bbox 304 915 375 982; x_wconf 88' lang='lat' dir='ltr'><strong>siue</strong></span> <span class='ocrx_word' id='word_1_29' title='bbox 395 928 501 982; x_wconf 90' lang='lat' dir='ltr'><strong>matre</strong></span> <span class='ocrx_word' id='word_1_30' title='bbox 521 912 641 981; x_wconf 87' lang='lat' dir='ltr'><strong>furor:</strong></span> <span class='ocrx_word' id='word_1_31' title='bbox 661 937 721 980; x_wconf 92' lang='lat' dir='ltr'><strong>nec</strong></span> <span class='ocrx_word' id='word_1_32' title='bbox 742 909 841 1006; x_wconf 84' lang='lat' dir='ltr'><strong>longa</strong></span> <span class='ocrx_word' id='word_1_33' title='bbox 859 927 986 981; x_wconf 85' lang='lat' dir='ltr'><strong>morata</strong></span> <span class='ocrx_word' id='word_1_34' title='bbox 1003 927 1071 998; x_wconf 91' lang='lat' dir='ltr'><strong>est,</strong></span> 
     </span>
     <span class='ocr_line' id='line_1_6' title="bbox 98 1031 1110 1130; baseline -0.004 -26"><span class='ocrx_word' id='word_1_35' title='bbox 98 1038 233 1130; x_wconf 84' lang='lat' dir='ltr'>Quippe</span> <span class='ocrx_word' id='word_1_36' title='bbox 249 1051 374 1104; x_wconf 81' lang='lat' dir='ltr'><strong>trucem</strong></span> <span class='ocrx_word' id='word_1_37' title='bbox 390 1058 565 1127; x_wconf 88' lang='lat' dir='ltr'><strong>campum,</strong></span> <span class='ocrx_word' id='word_1_38' title='bbox 579 1048 613 1101; x_wconf 91' lang='lat' dir='ltr'><strong>et</strong></span> <span class='ocrx_word' id='word_1_39' title='bbox 628 1033 754 1125; x_wconf 91' lang='lat' dir='ltr'><strong>positus</strong></span> <span class='ocrx_word' id='word_1_40' title='bbox 771 1057 838 1124; x_wconf 93' lang='lat' dir='ltr'><strong>quo</strong></span> <span class='ocrx_word' id='word_1_41' title='bbox 854 1031 992 1126; x_wconf 87' lang='lat' dir='ltr'><strong>pulvere</strong></span> <span class='ocrx_word' id='word_1_42' title='bbox 1008 1033 1110 1100; x_wconf 81' lang='lat' dir='ltr'><strong>frater</strong></span> 
     </span>
     <span class='ocr_line' id='line_1_7' title="bbox 100 1151 1003 1249; baseline -0.006 -23"><span class='ocrx_word' id='word_1_43' title='bbox 100 1158 271 1226; x_wconf 83' lang='lat' dir='ltr'><strong>Noverat:</strong></span> <span class='ocrx_word' id='word_1_44' title='bbox 291 1171 391 1249; x_wconf 92' lang='lat' dir='ltr'><strong>atque</strong></span> <span class='ocrx_word' id='word_1_45' title='bbox 410 1153 500 1221; x_wconf 87' lang='lat' dir='ltr'><strong>illam</strong></span> <span class='ocrx_word' id='word_1_46' title='bbox 515 1167 629 1222; x_wconf 89' lang='lat' dir='ltr'><strong>contra</strong></span> <span class='ocrx_word' id='word_1_47' title='bbox 649 1151 738 1219; x_wconf 90' lang='lat' dir='ltr'><strong>videt</strong></span> <span class='ocrx_word' id='word_1_48' title='bbox 757 1154 804 1220; x_wconf 91' lang='lat' dir='ltr'><strong>ire</strong></span> <span class='ocrx_word' id='word_1_49' title='bbox 822 1156 1003 1239; x_wconf 80' lang='lat' dir='ltr'><strong>Menoetes,</strong></span> 
     </span>
     <span class='ocr_line' id='line_1_8' title="bbox 98 1269 972 1367; baseline -0.006 -22"><span class='ocrx_word' id='word_1_50' title='bbox 98 1279 160 1345; x_wconf 91' lang='lat' dir='ltr'><strong>Cui</strong></span> <span class='ocrx_word' id='word_1_51' title='bbox 179 1291 291 1361; x_wconf 89' lang='lat' dir='ltr'><strong>vacat,</strong></span> <span class='ocrx_word' id='word_1_52' title='bbox 311 1288 344 1343; x_wconf 92' lang='lat' dir='ltr'><strong>et</strong></span> <span class='ocrx_word' id='word_1_53' title='bbox 362 1298 446 1342; x_wconf 83' lang='lat' dir='ltr'><strong>carae</strong></span> <span class='ocrx_word' id='word_1_54' title='bbox 465 1273 606 1367; x_wconf 83' lang='lat' dir='ltr'><strong>gemitus</strong></span> <span class='ocrx_word' id='word_1_55' title='bbox 623 1273 804 1365; x_wconf 88' lang='lat' dir='ltr'><strong>compescit</strong></span> <span class='ocrx_word' id='word_1_56' title='bbox 822 1269 972 1340; x_wconf 72' lang='lat' dir='ltr'><strong>alumne.</strong></span> 
     </span>
     <span class='ocr_line' id='line_1_9' title="bbox 146 1393 991 1488; baseline -0.006 -23"><span class='ocrx_word' id='word_1_57' title='bbox 146 1399 262 1484; x_wconf 91' lang='lat' dir='ltr'><strong>Quum</strong></span> <span class='ocrx_word' id='word_1_58' title='bbox 282 1410 392 1464; x_wconf 87' lang='lat' dir='ltr'><strong>tamen</strong></span> <span class='ocrx_word' id='word_1_59' title='bbox 411 1408 536 1463; x_wconf 87' lang='lat' dir='ltr'><strong>erectas</strong></span> <span class='ocrx_word' id='word_1_60' title='bbox 554 1406 721 1464; x_wconf 81' lang='lat' dir='ltr'><strong>extremus</strong></span> <span class='ocrx_word' id='word_1_61' title='bbox 740 1393 877 1488; x_wconf 82' lang='lat' dir='ltr'><strong>virginis</strong></span> <span class='ocrx_word' id='word_1_62' title='bbox 895 1417 991 1460; x_wconf 91' lang='lat' dir='ltr'><strong>aures</strong></span> 
     </span>
     <span class='ocr_line' id='line_1_10' title="bbox 97 1515 1000 1609; baseline -0.004 -24"><span class='ocrx_word' id='word_1_63' title='bbox 97 1519 244 1586; x_wconf 76' lang='lat' dir='ltr'><strong>Accessit</strong></span> <span class='ocrx_word' id='word_1_64' title='bbox 264 1541 365 1584; x_wconf 92' lang='lat' dir='ltr'><strong>sonus</strong></span> <span class='ocrx_word' id='word_1_65' title='bbox 382 1541 390 1583; x_wconf 92' lang='lat'>:</span> <span class='ocrx_word' id='word_1_66' title='bbox 408 1532 510 1609; x_wconf 90' lang='lat' dir='ltr'><strong>utque</strong></span> <span class='ocrx_word' id='word_1_67' title='bbox 529 1529 601 1584; x_wconf 86' lang='lat' dir='ltr'><strong>atra</strong></span> <span class='ocrx_word' id='word_1_68' title='bbox 620 1515 683 1584; x_wconf 91' lang='lat' dir='ltr'><strong>sub</strong></span> <span class='ocrx_word' id='word_1_69' title='bbox 701 1530 812 1601; x_wconf 90' lang='lat' dir='ltr'><strong>veste,</strong></span> <span class='ocrx_word' id='word_1_70' title='bbox 832 1515 1000 1607; x_wconf 91' lang='lat' dir='ltr'><strong>comisque</strong></span> 
     </span>
     <span class='ocr_line' id='line_1_11' title="bbox 98 1634 999 1731; baseline -0.002 -27"><span class='ocrx_word' id='word_1_71' title='bbox 98 1635 328 1729; x_wconf 72' lang='lat' dir='ltr'><strong>squalentem,</strong></span> <span class='ocrx_word' id='word_1_72' title='bbox 347 1652 380 1705; x_wconf 89' lang='lat' dir='ltr'><strong>et</strong></span> <span class='ocrx_word' id='word_1_73' title='bbox 398 1661 508 1705; x_wconf 87' lang='lat' dir='ltr'><strong>crasso</strong></span> <span class='ocrx_word' id='word_1_74' title='bbox 527 1635 680 1706; x_wconf 87' lang='lat' dir='ltr'><strong>foedatam</strong></span> <span class='ocrx_word' id='word_1_75' title='bbox 697 1638 856 1731; x_wconf 80' lang='lat' dir='ltr'><strong>sanguine</strong></span> <span class='ocrx_word' id='word_1_76' title='bbox 873 1634 999 1703; x_wconf 90' lang='lat' dir='ltr'><strong>vultus&#39;</strong></span> 
     </span>
     <span class='ocr_line' id='line_1_12' title="bbox 97 1755 954 1850; baseline -0.004 -25"><span class='ocrx_word' id='word_1_77' title='bbox 97 1762 270 1825; x_wconf 89' lang='lat' dir='ltr'><strong>Astrorum</strong></span> <span class='ocrx_word' id='word_1_78' title='bbox 292 1756 410 1845; x_wconf 89' lang='lat' dir='ltr'><strong>radiis,</strong></span> <span class='ocrx_word' id='word_1_79' title='bbox 428 1772 461 1825; x_wconf 90' lang='lat' dir='ltr'><strong>et</strong></span> <span class='ocrx_word' id='word_1_80' title='bbox 478 1771 618 1850; x_wconf 83' lang='lat' dir='ltr'><strong>utraque</strong></span> <span class='ocrx_word' id='word_1_81' title='bbox 635 1783 653 1826; x_wconf 89' lang='lat' dir='ltr'><strong>a</strong></span> <span class='ocrx_word' id='word_1_82' title='bbox 674 1757 825 1850; x_wconf 87' lang='lat' dir='ltr'><strong>lampade</strong></span> <span class='ocrx_word' id='word_1_83' title='bbox 846 1755 928 1824; x_wconf 85' lang='lat' dir='ltr'><strong>vidit</strong></span> <span class='ocrx_word' id='word_1_84' title='bbox 946 1781 954 1822; x_wconf 91' lang='lat'>:</span> 
     </span>
     <span class='ocr_line' id='line_1_13' title="bbox 98 1877 1019 1969; baseline -0.001 -24"><span class='ocrx_word' id='word_1_85' title='bbox 98 1877 254 1968; x_wconf 90' lang='lat' dir='ltr'><strong>«Cujus,</strong></span> <span class='ocrx_word' id='word_1_86' title='bbox 272 1879 336 1959; x_wconf 88' lang='lat' dir='ltr'><strong>ait,</strong></span> <span class='ocrx_word' id='word_1_87' title='bbox 355 1880 491 1962; x_wconf 89' lang='lat' dir='ltr'><strong>Manes,</strong></span> <span class='ocrx_word' id='word_1_88' title='bbox 508 1893 567 1946; x_wconf 88' lang='lat' dir='ltr'><strong>aut</strong></span> <span class='ocrx_word' id='word_1_89' title='bbox 586 1902 685 1969; x_wconf 89' lang='lat' dir='ltr'><strong>quern</strong></span> <span class='ocrx_word' id='word_1_90' title='bbox 705 1878 880 1946; x_wconf 90' lang='lat' dir='ltr'><strong>temeraria</strong></span> <span class='ocrx_word' id='word_1_91' title='bbox 900 1878 1019 1967; x_wconf 85' lang='lat' dir='ltr'><strong>quaeris</strong></span> 
     </span>
     <span class='ocr_line' id='line_1_14' title="bbox 97 1995 943 2080; baseline -0.002 -15"><span class='ocrx_word' id='word_1_92' title='bbox 97 1997 202 2065; x_wconf 86' lang='lat' dir='ltr'><strong>Nocte</strong></span> <span class='ocrx_word' id='word_1_93' title='bbox 219 1996 312 2064; x_wconf 82' lang='lat' dir='ltr'><strong>mea?</strong></span> <span class='ocrx_word' id='word_1_94' title='bbox 324 2027 340 2059; x_wconf 72' lang='lat'><strong>2&gt;</strong></span> <span class='ocrx_word' id='word_1_95' title='bbox 355 1995 438 2063; x_wconf 87' lang='lat' dir='ltr'><strong>nihil</strong></span> <span class='ocrx_word' id='word_1_96' title='bbox 458 1995 513 2064; x_wconf 92' lang='lat' dir='ltr'><strong>illa</strong></span> <span class='ocrx_word' id='word_1_97' title='bbox 532 1996 610 2080; x_wconf 89' lang='lat' dir='ltr'><strong>diu,</strong></span> <span class='ocrx_word' id='word_1_98' title='bbox 630 1996 688 2064; x_wconf 92' lang='lat' dir='ltr'><strong>sed</strong></span> <span class='ocrx_word' id='word_1_99' title='bbox 704 1997 739 2064; x_wconf 92' lang='lat' dir='ltr'><strong>in</strong></span> <span class='ocrx_word' id='word_1_100' title='bbox 757 2021 816 2064; x_wconf 92' lang='lat' dir='ltr'><strong>ora</strong></span> <span class='ocrx_word' id='word_1_101' title='bbox 833 1996 943 2064; x_wconf 89' lang='lat' dir='ltr'><strong>mariti</strong></span> 
     </span>
    </p>
   </div>
   <div class='ocr_carea' id='block_1_3' title="bbox 97 2114 930 2216">
    <p class='ocr_par' dir='ltr' id='par_1_3' title="bbox 97 2114 930 2216">
     <span class='ocr_line' id='line_1_15' title="bbox 97 2114 930 2216; baseline 0 -34"><span class='ocrx_word' id='word_1_102' title='bbox 97 2115 240 2206; x_wconf 88' lang='lat' dir='ltr'><strong>Dejieit,</strong></span> <span class='ocrx_word' id='word_1_103' title='bbox 259 2117 359 2216; x_wconf 92' lang='lat' dir='ltr'><strong>inque</strong></span> <span class='ocrx_word' id='word_1_104' title='bbox 380 2140 456 2183; x_wconf 90' lang='lat' dir='ltr'><strong>suos</strong></span> <span class='ocrx_word' id='word_1_105' title='bbox 477 2117 602 2208; x_wconf 89' lang='lat' dir='ltr'><strong>pariter</strong></span> <span class='ocrx_word' id='word_1_106' title='bbox 622 2114 784 2184; x_wconf 88' lang='lat' dir='ltr'><strong>velamina</strong></span> <span class='ocrx_word' id='word_1_107' title='bbox 801 2115 930 2201; x_wconf 87' lang='lat' dir='ltr'><strong>vultus,</strong></span> 
     </span>
    </p>
   </div>
   <div class='ocr_carea' id='block_1_4' title="bbox 98 2233 1110 4135">
    <p class='ocr_par' dir='ltr' id='par_1_4' title="bbox 99 2233 971 2328">
     <span class='ocr_line' id='line_1_16' title="bbox 99 2233 971 2328; baseline 0.001 -25"><span class='ocrx_word' id='word_1_108' title='bbox 99 2236 206 2328; x_wconf 89' lang='lat' dir='ltr'><strong>Capta</strong></span> <span class='ocrx_word' id='word_1_109' title='bbox 227 2250 315 2303; x_wconf 90' lang='lat' dir='ltr'><strong>metu</strong></span> <span class='ocrx_word' id='word_1_110' title='bbox 336 2236 466 2322; x_wconf 91' lang='lat' dir='ltr'><strong>subito,</strong></span> <span class='ocrx_word' id='word_1_111' title='bbox 485 2233 701 2328; x_wconf 88' lang='lat' dir='ltr'><strong>paullumque</strong></span> <span class='ocrx_word' id='word_1_112' title='bbox 718 2234 820 2304; x_wconf 84' lang='lat' dir='ltr'><strong>oblita</strong></span> <span class='ocrx_word' id='word_1_113' title='bbox 838 2233 971 2304; x_wconf 87' lang='lat' dir='ltr'><strong>doloris.</strong></span> 
     </span>
    </p>

    <p class='ocr_par' dir='ltr' id='par_1_5' title="bbox 98 2357 1110 2689">
     <span class='ocr_line' id='line_1_17' title="bbox 98 2357 1001 2450; baseline 0 -26"><span class='ocrx_word' id='word_1_114' title='bbox 98 2360 169 2424; x_wconf 90' lang='lat' dir='ltr'><strong>Hoc</strong></span> <span class='ocrx_word' id='word_1_115' title='bbox 188 2357 291 2450; x_wconf 86' lang='lat' dir='ltr'><strong>magis</strong></span> <span class='ocrx_word' id='word_1_116' title='bbox 311 2358 512 2450; x_wconf 76' lang='lat' dir='ltr'><strong>increpitans</strong></span> <span class='ocrx_word' id='word_1_117' title='bbox 533 2372 684 2449; x_wconf 84' lang='lat' dir='ltr'><strong>suspecta</strong></span> <span class='ocrx_word' id='word_1_118' title='bbox 704 2357 855 2444; x_wconf 87' lang='lat' dir='ltr'><strong>silentia,</strong></span> <span class='ocrx_word' id='word_1_119' title='bbox 876 2372 1001 2450; x_wconf 89' lang='lat' dir='ltr'><strong>perstat</strong></span> 
     </span>
     <span class='ocr_line' id='line_1_18' title="bbox 99 2476 1110 2572; baseline -0.001 -27"><span class='ocrx_word' id='word_1_120' title='bbox 99 2478 285 2570; x_wconf 77' lang='lat' dir='ltr'><strong>Antigone,</strong></span> <span class='ocrx_word' id='word_1_121' title='bbox 305 2477 524 2570; x_wconf 89' lang='lat' dir='ltr'><strong>comitemque</strong></span> <span class='ocrx_word' id='word_1_122' title='bbox 543 2502 696 2570; x_wconf 92' lang='lat' dir='ltr'><strong>premens</strong></span> <span class='ocrx_word' id='word_1_123' title='bbox 717 2478 915 2572; x_wconf 86' lang='lat' dir='ltr'><strong>ipsamque:</strong></span> <span class='ocrx_word' id='word_1_124' title='bbox 936 2476 992 2546; x_wconf 89' lang='lat' dir='ltr'><strong>sed</strong></span> <span class='ocrx_word' id='word_1_125' title='bbox 1012 2477 1110 2545; x_wconf 90' lang='lat' dir='ltr'><strong>ambo</strong></span> 
     </span>
     <span class='ocr_line' id='line_1_19' title="bbox 98 2595 934 2689; baseline 0.002 -26"><span class='ocrx_word' id='word_1_126' title='bbox 98 2595 283 2682; x_wconf 88' lang='lat' dir='ltr'><strong>Deficiunt,</strong></span> <span class='ocrx_word' id='word_1_127' title='bbox 302 2596 424 2689; x_wconf 79' lang='lat' dir='ltr'><strong>fixique</strong></span> <span class='ocrx_word' id='word_1_128' title='bbox 443 2596 566 2665; x_wconf 88' lang='lat' dir='ltr'><strong>silent:</strong></span> <span class='ocrx_word' id='word_1_129' title='bbox 584 2598 718 2666; x_wconf 92' lang='lat' dir='ltr'><strong>tandem</strong></span> <span class='ocrx_word' id='word_1_130' title='bbox 737 2622 795 2667; x_wconf 88' lang='lat' dir='ltr'><strong>ora</strong></span> <span class='ocrx_word' id='word_1_131' title='bbox 815 2600 934 2666; x_wconf 88' lang='lat' dir='ltr'><strong>retexit</strong></span> 
     </span>
    </p>

    <p class='ocr_par' dir='ltr' id='par_1_6' title="bbox 99 2716 967 2810">
     <span class='ocr_line' id='line_1_20' title="bbox 99 2716 967 2810; baseline 0 -26"><span class='ocrx_word' id='word_1_132' title='bbox 99 2717 215 2808; x_wconf 82' lang='lat' dir='ltr'><strong>Argia,</strong></span> <span class='ocrx_word' id='word_1_133' title='bbox 235 2741 422 2810; x_wconf 89' lang='lat' dir='ltr'><strong>corpusque</strong></span> <span class='ocrx_word' id='word_1_134' title='bbox 444 2732 555 2785; x_wconf 88' lang='lat' dir='ltr'><strong>tamen</strong></span> <span class='ocrx_word' id='word_1_135' title='bbox 576 2716 769 2810; x_wconf 84' lang='lat' dir='ltr'><strong>complexa,</strong></span> <span class='ocrx_word' id='word_1_136' title='bbox 789 2717 967 2810; x_wconf 81' lang='lat' dir='ltr'><strong>profatur:</strong></span> 
     </span>
    </p>

    <p class='ocr_par' dir='ltr' id='par_1_7' title="bbox 98 2835 1017 3051">
     <span class='ocr_line' id='line_1_21' title="bbox 99 2835 1017 2930; baseline 0.007 -32"><span class='ocrx_word' id='word_1_137' title='bbox 99 2865 115 2898; x_wconf 74' lang='grc' dir='ltr'>α</span> <span class='ocrx_word' id='word_1_138' title='bbox 129 2837 163 2904; x_wconf 91' lang='lat' dir='ltr'><strong>Si</strong></span> <span class='ocrx_word' id='word_1_139' title='bbox 181 2835 262 2928; x_wconf 92' lang='lat' dir='ltr'><strong>quid</strong></span> <span class='ocrx_word' id='word_1_140' title='bbox 280 2839 313 2904; x_wconf 89' lang='lat' dir='ltr'><strong>in</strong></span> <span class='ocrx_word' id='word_1_141' title='bbox 331 2838 395 2905; x_wconf 90' lang='lat' dir='ltr'><strong>hoc</strong></span> <span class='ocrx_word' id='word_1_142' title='bbox 411 2838 512 2905; x_wconf 89' lang='lat' dir='ltr'><strong>veteri</strong></span> <span class='ocrx_word' id='word_1_143' title='bbox 529 2835 693 2905; x_wconf 87' lang='lat' dir='ltr'><strong>bellorum</strong></span> <span class='ocrx_word' id='word_1_144' title='bbox 709 2839 871 2930; x_wconf 86' lang='lat' dir='ltr'><strong>sanguine</strong></span> <span class='ocrx_word' id='word_1_145' title='bbox 888 2861 1017 2906; x_wconf 90' lang='lat' dir='ltr'><strong>mecum</strong></span> 
     </span>
     <span class='ocr_line' id='line_1_22' title="bbox 98 2955 947 3051; baseline 0 -27"><span class='ocrx_word' id='word_1_146' title='bbox 98 2957 288 3044; x_wconf 87' lang='lat' dir='ltr'><strong>Quaesitura</strong></span> <span class='ocrx_word' id='word_1_147' title='bbox 306 2959 414 3042; x_wconf 90' lang='lat' dir='ltr'><strong>venis,</strong></span> <span class='ocrx_word' id='word_1_148' title='bbox 434 2959 461 3026; x_wconf 92' lang='lat' dir='ltr'><strong>si</strong></span> <span class='ocrx_word' id='word_1_149' title='bbox 483 2972 518 3025; x_wconf 92' lang='lat' dir='ltr'><strong>tu</strong></span> <span class='ocrx_word' id='word_1_150' title='bbox 539 2982 673 3051; x_wconf 92' lang='lat' dir='ltr'><strong>quoque</strong></span> <span class='ocrx_word' id='word_1_151' title='bbox 690 2955 775 3026; x_wconf 87' lang='lat' dir='ltr'><strong>dura</strong></span> <span class='ocrx_word' id='word_1_152' title='bbox 794 2959 947 3028; x_wconf 90' lang='lat' dir='ltr'><strong>Creontis</strong></span> 
     </span>
    </p>

    <p class='ocr_par' dir='ltr' id='par_1_8' title="bbox 98 3077 927 3170">
     <span class='ocr_line' id='line_1_23' title="bbox 98 3077 927 3170; baseline 0.001 -26"><span class='ocrx_word' id='word_1_153' title='bbox 98 3079 192 3144; x_wconf 88' lang='lat' dir='ltr'><strong>Jussa</strong></span> <span class='ocrx_word' id='word_1_154' title='bbox 210 3078 322 3164; x_wconf 88' lang='lat' dir='ltr'><strong>times,</strong></span> <span class='ocrx_word' id='word_1_155' title='bbox 340 3103 490 3170; x_wconf 86' lang='lat' dir='ltr'><strong>possum,</strong></span> <span class='ocrx_word' id='word_1_156' title='bbox 510 3080 570 3147; x_wconf 91' lang='lat' dir='ltr'><strong>tibi</strong></span> <span class='ocrx_word' id='word_1_157' title='bbox 588 3102 641 3146; x_wconf 90' lang='lat' dir='ltr'><strong>me</strong></span> <span class='ocrx_word' id='word_1_158' title='bbox 660 3077 800 3161; x_wconf 89' lang='lat' dir='ltr'><strong>confisa,</strong></span> <span class='ocrx_word' id='word_1_159' title='bbox 821 3078 927 3146; x_wconf 82' lang='lat' dir='ltr'><strong>fateri.</strong></span> 
     </span>
    </p>

    <p class='ocr_par' dir='ltr' id='par_1_9' title="bbox 99 3197 1094 3777">
     <span class='ocr_line' id='line_1_24' title="bbox 100 3197 1002 3293; baseline 0.002 -28"><span class='ocrx_word' id='word_1_160' title='bbox 100 3199 133 3265; x_wconf 91' lang='lat' dir='ltr'><strong>Si</strong></span> <span class='ocrx_word' id='word_1_161' title='bbox 153 3199 271 3265; x_wconf 89' lang='lat' dir='ltr'><strong>misera</strong></span> <span class='ocrx_word' id='word_1_162' title='bbox 290 3223 344 3286; x_wconf 90' lang='lat' dir='ltr'><strong>es,</strong></span> <span class='ocrx_word' id='word_1_163' title='bbox 366 3214 452 3268; x_wconf 89' lang='lat' dir='ltr'><strong>certe</strong></span> <span class='ocrx_word' id='word_1_164' title='bbox 470 3197 631 3293; x_wconf 86' lang='lat' dir='ltr'><strong>lacrymas</strong></span> <span class='ocrx_word' id='word_1_165' title='bbox 652 3198 861 3293; x_wconf 87' lang='lat' dir='ltr'><strong>lamentaque</strong></span> <span class='ocrx_word' id='word_1_166' title='bbox 881 3224 1002 3283; x_wconf 91' lang='lat' dir='ltr'><strong>cerno,</strong></span> 
     </span>
     <span class='ocr_line' id='line_1_25' title="bbox 99 3318 1052 3415; baseline 0.002 -31"><span class='ocrx_word' id='word_1_167' title='bbox 99 3320 222 3412; x_wconf 78' lang='lat' dir='ltr'><strong>iunge,</strong></span> <span class='ocrx_word' id='word_1_168' title='bbox 240 3343 315 3412; x_wconf 83' lang='lat' dir='ltr'><strong>age,</strong></span> <span class='ocrx_word' id='word_1_169' title='bbox 328 3319 432 3412; x_wconf 82' lang='lat' dir='ltr'><strong>junge</strong></span> <span class='ocrx_word' id='word_1_170' title='bbox 447 3318 567 3389; x_wconf 88' lang='lat' dir='ltr'><strong>fidem:</strong></span> <span class='ocrx_word' id='word_1_171' title='bbox 588 3318 696 3414; x_wconf 88' lang='lat' dir='ltr'><strong>proles</strong></span> <span class='ocrx_word' id='word_1_172' title='bbox 714 3344 777 3414; x_wconf 82' lang='lat' dir='ltr'><strong>ego</strong></span> <span class='ocrx_word' id='word_1_173' title='bbox 795 3322 882 3415; x_wconf 84' lang='lat' dir='ltr'><strong>regis</strong></span> <span class='ocrx_word' id='word_1_174' title='bbox 897 3320 1052 3389; x_wconf 90' lang='lat' dir='ltr'><strong>Adrasti:</strong></span> 
     </span>
     <span class='ocr_line' id='line_1_26' title="bbox 100 3437 1094 3535; baseline 0.005 -32"><span class='ocrx_word' id='word_1_175' title='bbox 100 3437 183 3529; x_wconf 86' lang='lat' dir='ltr'><strong>(Hei</strong></span> <span class='ocrx_word' id='word_1_176' title='bbox 203 3437 298 3508; x_wconf 90' lang='lat' dir='ltr'><strong>mihi!</strong></span> <span class='ocrx_word' id='word_1_177' title='bbox 318 3464 396 3508; x_wconf 92' lang='lat' dir='ltr'><strong>num</strong></span> <span class='ocrx_word' id='word_1_178' title='bbox 416 3442 490 3533; x_wconf 88' lang='lat' dir='ltr'><strong>quis</strong></span> <span class='ocrx_word' id='word_1_179' title='bbox 506 3440 637 3534; x_wconf 71' lang='lat' dir='ltr'><strong>adesti)</strong></span> <span class='ocrx_word' id='word_1_180' title='bbox 655 3442 722 3509; x_wconf 89' lang='lat' dir='ltr'><strong>cari</strong></span> <span class='ocrx_word' id='word_1_181' title='bbox 740 3441 906 3535; x_wconf 85' lang='lat' dir='ltr'><strong>Polynicis</strong></span> <span class='ocrx_word' id='word_1_182' title='bbox 924 3440 966 3508; x_wconf 91' lang='lat' dir='ltr'><strong>ad</strong></span> <span class='ocrx_word' id='word_1_183' title='bbox 984 3441 1094 3535; x_wconf 83' lang='lat' dir='ltr'><strong>ignes,</strong></span> 
     </span>
     <span class='ocr_line' id='line_1_27' title="bbox 100 3558 925 3656; baseline 0.01 -34"><span class='ocrx_word' id='word_1_184' title='bbox 100 3558 170 3623; x_wconf 89' lang='lat' dir='ltr'><strong>Etsi</strong></span> <span class='ocrx_word' id='word_1_185' title='bbox 189 3582 290 3652; x_wconf 84' lang='lat' dir='ltr'><strong>regna</strong></span> <span class='ocrx_word' id='word_1_186' title='bbox 312 3575 434 3630; x_wconf 85' lang='lat' dir='ltr'><strong>vetant.</strong></span> <span class='ocrx_word' id='word_1_187' title='bbox 450 3591 464 3626; x_wconf 77' lang='lat' dir='ltr'><strong>a</strong></span> <span class='ocrx_word' id='word_1_188' title='bbox 483 3563 619 3655; x_wconf 91' lang='lat' dir='ltr'><strong>Stupuit</strong></span> <span class='ocrx_word' id='word_1_189' title='bbox 637 3562 794 3633; x_wconf 78' lang='lat' dir='ltr'><strong>Cadmeia</strong></span> <span class='ocrx_word' id='word_1_190' title='bbox 813 3563 925 3656; x_wconf 85' lang='lat' dir='ltr'><strong>virgo,</strong></span> 
     </span>
     <span class='ocr_line' id='line_1_28' title="bbox 101 3678 1015 3777; baseline 0.009 -35"><span class='ocrx_word' id='word_1_191' title='bbox 101 3678 341 3770; x_wconf 84' lang='lat' dir='ltr'><strong>intremuitque</strong></span> <span class='ocrx_word' id='word_1_192' title='bbox 361 3680 477 3766; x_wconf 85' lang='lat' dir='ltr'><strong>simul,</strong></span> <span class='ocrx_word' id='word_1_193' title='bbox 496 3681 724 3774; x_wconf 89' lang='lat' dir='ltr'><strong>dicentemque</strong></span> <span class='ocrx_word' id='word_1_194' title='bbox 742 3698 885 3777; x_wconf 90' lang='lat' dir='ltr'><strong>occupat</strong></span> <span class='ocrx_word' id='word_1_195' title='bbox 903 3682 1015 3751; x_wconf 87' lang='lat' dir='ltr'><strong>ultro:</strong></span> 
     </span>
    </p>

    <p class='ocr_par' dir='ltr' id='par_1_10' title="bbox 101 3798 1109 4135">
     <span class='ocr_line' id='line_1_29' title="bbox 101 3798 1056 3896; baseline 0.013 -37"><span class='ocrx_word' id='word_1_196' title='bbox 101 3826 117 3859; x_wconf 88' lang='lat'>«</span> <span class='ocrx_word' id='word_1_197' title='bbox 131 3799 230 3864; x_wconf 89' lang='lat' dir='ltr'><strong>Mene</strong></span> <span class='ocrx_word' id='word_1_198' title='bbox 250 3798 349 3890; x_wconf 84' lang='lat' dir='ltr'><strong>igitur</strong></span> <span class='ocrx_word' id='word_1_199' title='bbox 366 3803 486 3868; x_wconf 86' lang='lat' dir='ltr'><strong>sociam</strong></span> <span class='ocrx_word' id='word_1_200' title='bbox 506 3802 591 3893; x_wconf 82' lang='lat' dir='ltr'><strong>(pro</strong></span> <span class='ocrx_word' id='word_1_201' title='bbox 610 3826 680 3870; x_wconf 84' lang='lat' dir='ltr'><strong>sors</strong></span> <span class='ocrx_word' id='word_1_202' title='bbox 700 3799 853 3896; x_wconf 78' lang='lat' dir='ltr'><strong>ignarai)</strong></span> <span class='ocrx_word' id='word_1_203' title='bbox 875 3802 1056 3886; x_wconf 88' lang='lat' dir='ltr'><strong>malorum,</strong></span> 
     </span>
     <span class='ocr_line' id='line_1_30' title="bbox 101 3917 1109 4018; baseline 0.003 -33"><span class='ocrx_word' id='word_1_204' title='bbox 101 3919 199 3985; x_wconf 88' lang='lat' dir='ltr'><strong>Mene</strong></span> <span class='ocrx_word' id='word_1_205' title='bbox 218 3917 337 3985; x_wconf 81' lang='lat' dir='ltr'><strong>times?</strong></span> <span class='ocrx_word' id='word_1_206' title='bbox 355 3944 429 3988; x_wconf 89' lang='lat' dir='ltr'><strong>mea</strong></span> <span class='ocrx_word' id='word_1_207' title='bbox 445 3920 593 3989; x_wconf 88' lang='lat' dir='ltr'><strong>membra</strong></span> <span class='ocrx_word' id='word_1_208' title='bbox 614 3937 722 4010; x_wconf 88' lang='lat' dir='ltr'><strong>tenes,</strong></span> <span class='ocrx_word' id='word_1_209' title='bbox 743 3947 816 3991; x_wconf 89' lang='lat' dir='ltr'><strong>mea</strong></span> <span class='ocrx_word' id='word_1_210' title='bbox 834 3923 950 3992; x_wconf 81' lang='lat' dir='ltr'><strong>funera</strong></span> <span class='ocrx_word' id='word_1_211' title='bbox 972 3922 1109 4018; x_wconf 82' lang='lat' dir='ltr'><strong>plangis.</strong></span> 
     </span>
     <span class='ocr_line' id='line_1_31' title="bbox 102 4037 981 4135; baseline -0.006 -27"><span class='ocrx_word' id='word_1_212' title='bbox 102 4039 210 4122; x_wconf 91' lang='lat' dir='ltr'><strong>Cedo,</strong></span> <span class='ocrx_word' id='word_1_213' title='bbox 230 4038 296 4107; x_wconf 87' lang='lat' dir='ltr'><strong>ten’</strong></span> <span class='ocrx_word' id='word_1_214' title='bbox 317 4037 443 4131; x_wconf 75' lang='lat' dir='ltr'><strong>pudet?</strong></span> <span class='ocrx_word' id='word_1_215' title='bbox 461 4039 525 4108; x_wconf 86' lang='lat' dir='ltr'><strong>heu</strong></span> <span class='ocrx_word' id='word_1_216' title='bbox 545 4044 647 4134; x_wconf 87' lang='lat' dir='ltr'><strong>pietas</strong></span> <span class='ocrx_word' id='word_1_217' title='bbox 666 4044 786 4135; x_wconf 84' lang='lat' dir='ltr'><strong>ignava</strong></span> <span class='ocrx_word' id='word_1_218' title='bbox 806 4041 948 4110; x_wconf 85' lang='lat' dir='ltr'><strong>sororis!</strong></span> <span class='ocrx_word' id='word_1_219' title='bbox 965 4074 981 4106; x_wconf 74' lang='lat'><strong>›»</strong></span> 
     </span>
    </p>
   </div>
   <div class='ocr_carea' id='block_1_5' title="bbox 931 4160 981 4228">
    <p class='ocr_par' dir='ltr' id='par_1_11' title="bbox 931 4160 981 4228">
     <span class='ocr_line' id='line_1_32' title="bbox 931 4160 981 4228; baseline 0.02 -1"><span class='ocrx_word' id='word_1_220' title='bbox 931 4160 981 4228; x_wconf 89' lang='grc' dir='ltr'><strong>ι6.</strong></span> 
     </span>
    </p>
   </div>
   <div class='ocr_carea' id='block_1_6' title="bbox 0 0 1416 5258">
    <p class='ocr_par' dir='ltr' id='par_1_12' title="bbox 0 0 1416 5258">
     <span class='ocr_line' id='line_1_33' title="bbox 0 0 1416 5258; baseline 0 0"><span class='ocrx_word' id='word_1_221' title='bbox 0 0 1416 5258; x_wconf 95' lang='lat' dir='ltr'><strong> </strong></span> 
     </span>
    </p>
   </div>
  </div>
 </body>
</html>
