2812 5258
183 443 240 499 aas
479 437 728 495 acumsslnos
747 436 859 492 nisan
877 434 902 491 1:
1099 436 1133 497 (v.
1144 427 1216 502 aa,

183 571 290 636 Pensa
310 588 429 651 manu,
448 560 625 654 mollesque
645 559 722 629 tulit
740 561 932 654 Tirynthius
951 559 1082 642 hastas3

186 687 222 756 Si
237 683 335 754 decet
348 694 461 751 aurata
478 679 645 748 Bacchum
663 681 800 773 vestigia
819 676 905 771 palla

183 809 338 889 Verrem,
354 799 518 894 virgineos
533 800 561 867 si
575 800 727 893 luppiter
746 797 855 866 induit
870 813 981 885 artus,

185 925 254 994 Nec
272 917 591 1014 magnum'ainhigui
610 915 780 1012 fregerunt
793 918 913 986 Caenea
929 941 1048 1004 sexus,

183 1046 249 1111 llas
264 1041 352 1127 sine,
370 1063 502 1134 queso,
521 1039 626 1107 minas
642 1060 831 1129 numenque
849 1037 938 1106 exire
956 1035 1152 1132 malignum.

183 1164 263 1232 Mox
284 1162 405 1230 iterum
424 1166 575 1254 campos,
592 1159 712 1227 iterum
731 1159 929 1227 Centaurica
944 1155 1089 1226 reddam*
1215 1168 1217 1172 '

183 1290 302 1355 Lustra
319 1284 380 1354 tibi
400 1311 409 1353 ε
429 1309 489 1379 per
505 1286 567 1377 ego
585 1283 649 1351 hoc
666 1282 781 1369 decus,
802 1296 835 1351 et
853 1297 991 1352 ventura
1004 1284 1154 1376 juventae

183 1405 331 1494 Gaudia,
350 1406 378 1474 si
395 1419 519 1492 terres,
540 1400 764 1495 humilemque
781 1403 916 1497 experta
935 1402 1092 1470 maritum

182 1528 230 1594 Te
245 1539 393 1620 propter,
410 1525 438 1592 si
459 1522 670 1617 progenitum
688 1523 807 1616 Stygos
825 1545 923 1590 amne
940 1546 1053 1591 severo

183 1645 317 1716 Armavi
337 1641 682 1736 (totumque'ntinam
694 1637 702 1707 l
715 1639 746 1734 ),
763 1665 843 1735 cape
862 1655 935 1710 tuta
951 1665 1130 1736 parumper
1217 1632 1221 1639 ’

183 1763 361 1858 Tegmina,
378 1760 425 1831 nil
443 1761 596 1830 nocitura
613 1760 724 1829 animo
740 1786 748 1828 ε
767 1784 827 1829 cur
845 1784 904 1830 ora
922 1758 1070 1830 reducis!

183 1881 323 1970 Quidve
333 1895 452 1976 parant
468 1880 581 1950 oculi?
598 1878 699 1973 pudet
715 1878 778 1949 hoc
796 1879 968 1949 mitescere
985 1879 1099 1950 cultu?

182 2005 246 2071 Per
266 2016 317 2087 te,
334 2024 410 2072 care
428 2025 523 2095 puer,
542 2014 680 2095 cognata
697 2024 757 2095 per
775 2024 909 2093 equora
922 2001 1018 2094 juro,

184 2121 315 2190 Nesciet
331 2120 395 2190 hcc
408 2121 546 2190 Chiron.
559 2149 577 2185 n
593 2121 648 2190 Sic
664 2118 800 2189 horrida
817 2135 950 2215 pectora
969 2133 1086 2188 tractat

184 2241 412 2333 Nequicquam
433 2237 580 2308 mulcens
598 2265 607 2307 z
627 2238 738 2308 obstat
758 2241 952 2334 genitorque
972 2243 1122 2336 roganti,

183 2358 551 2449 Nutritorquc‘ingens,
567 2369 601 2423 et
617 2354 721 2424 cruda
738 2356 873 2424 exordia
892 2373 1027 2451 magnae

183 2472 307 2545 Indolis
326 2501 334 2543 :
352 2473 484 2543 effrenae
502 2471 666 2542 tumidum
687 2471 776 2543 velut
793 2475 868 2570 igne
885 2477 1030 2568 Juventae

183 2597 217 2663 Si
235 2595 309 2688 quis
326 2593 583 2688 equumprimis
601 2593 794 2663 submittere
813 2609 917 2664 tentet
934 2595 1089 2682 habenis;

184 2712 260 2800 Ille,
279 2715 337 2785 diu
351 2717 492 2809 campis,
511 2714 704 2809 fluviisque,
724 2718 900 2787 ethonore
917 2717 1056 2812 superbo

185 2836 342 2921 Gavisus,
360 2860 427 2905 uon
449 2833 533 2904 colla
549 2838 650 2932 jugo,
666 2863 733 2906 non
751 2862 864 2931 aspere
881 2837 1004 2930 praebet

184 2960 254 3026 Ora
271 2954 374 3048 lupis,
395 2955 587 3050 dominique
606 2956 867 3050 gemitcaptivns
886 2958 969 3026 inire

184 3075 342 3167 imperia,
359 3084 458 3167 atque
475 3073 557 3144 alios
576 3078 715 3144 miratur
733 3071 857 3143 discere
876 3102 1003 3148 cursus.

232 3196 318 3282 Quis
335 3197 426 3263 Deus
446 3195 594 3263 attonite
609 3191 755 3275 fraudes,
775 3209 949 3290 astumque
969 3201 1094 3293 parenti
1157 3215 1160 3222 ·

185 3312 358 3383 Contulit?
375 3314 550 3384 indocilem
567 3338 639 3407 quae
653 3337 750 3383 mens
767 3315 908 3386 detraxit
924 3318 1107 3388 Achillem?

185 3428 308 3499 Palladi
331 3431 453 3503 litoreae
470 3431 653 3502 celebrabat
671 3435 790 3526 Scyros
809 3436 974 3505 honorum

185 3555 281 3618 Forte
300 3550 400 3639 diem,
418 3549 612 3646 placidoque
630 3567 709 3621 satae
723 3555 906 3647 Lycomede
922 3582 1050 3625 sorores

185 3673 274 3738 Luce
291 3694 381 3740 sacra
400 3671 531 3763 patriis,
547 3688 622 3765 quac
636 3698 710 3741 rara
730 3671 877 3764 licentia,
896 3679 999 3745 muris

184 3790 354 3875 Exierant,
371 3787 448 3856 dare
465 3790 552 3859 veris
569 3815 668 3885 opes,
686 3791 832 3886 divaeque
851 3819 978 3864 severas

186 3908 313 3978 Fronde
334 3906 434 4002 ligare
450 3934 576 3998 comas,
596 3925 629 3980 et
645 3936 798 4006 spargere
819 3913 954 3983 floribus
973 3915 1109 3985 hastam.

187 4029 349 4098 Omnibus
366 4030 520 4099 eximium
538 4029 651 4100 lormae
668 4029 790 4101 decus:
809 4033 962 4104 omnihus
980 4035 1067 4105 idem
1137 4056 1147 4079 ⁴
