2812 5258
321 445 377 502 nass
627 438 837 496 THEBAIDOS
858 435 969 491 LIBER
989 435 1039 490 111.
1235 436 1358 497 (unos.)

321 571 435 657 Quum
455 571 568 636 Venus
586 580 662 634 ante
679 566 765 658 ipsos
784 562 875 631 nulla
893 561 1069 630 formidine
1084 584 1232 654 gressum

320 690 406 784 Figit
424 713 548 780 equos:
566 709 689 754 cessere
708 699 811 770 retro,
830 684 1030 776 jamjamque
1047 682 1191 773 rigentes

320 805 520 901 Suppliciter
539 829 677 898 posuere
692 804 788 897 jubas
806 829 813 868 :
833 817 912 869 tunc
930 815 1065 894 pectora
1080 822 1212 866 summo

321 924 490 995 Acclinata
505 927 606 1018 jugo,
626 923 819 1016 vultumque
837 921 970 1013 obliqua
987 920 1191 1005 madentem,

319 1046 465 1137 Incipit:
486 1045 629 1140 (interea
649 1043 789 1112 dominae
807 1043 943 1136 vestigia
959 1043 1054 1136 juxta

320 1167 534 1257 Spumantem
551 1164 648 1258 proni
667 1162 830 1230 mandunt
843 1162 1017 1229 adamanta
1034 1156 1179 1254 jugales)

367 1282 484 1352 «Bella
502 1285 600 1351 etiam
620 1285 653 1350 in
670 1283 814 1369 Thebas,
834 1306 964 1350 socero
982 1278 1220 1374 pulcherrime,
1239 1279 1329 1350 bella

319 1406 395 1496 Ipse
414 1428 526 1496 paras,
545 1403 696 1495 ferroque
714 1417 787 1470 tuos
808 1398 938 1470 abolere
954 1397 1110 1492 nepotes?

322 1524 389 1590 Nec
411 1547 512 1615 genus
532 1523 740 1608 Hermiones,
759 1534 867 1588 necte
888 1519 1055 1586 connubia
1069 1517 1153 1587 coelo

320 1644 432 1724 Festa,
446 1665 507 1708 nec
522 1639 572 1707 hae
584 1639 763 1732 quidquam
774 1639 940 1732 lacrymae,
951 1637 1140 1725 furibunde,
1154 1637 1347 1707 morantur?

322 1759 479 1826 Criminis
498 1758 567 1825 haec
586 1757 729 1826 merces?
746 1759 808 1825 hoc
827 1757 927 1840 fama,
944 1756 1118 1849 pudorque
1135 1755 1291 1826 relictus?

320 1882 392 1945 Hoc
411 1877 492 1944 mihi
506 1878 686 1945 Lemniacae
703 1877 744 1944 de
763 1891 796 1944 te
813 1900 963 1945 meruere
979 1873 1125 1944 catenae?

320 1999 424 2090 Perge
442 1995 547 2064 libens
567 2022 574 2063 :
597 2011 631 2063 at
651 2021 719 2063 non
736 1995 848 2065 eadem
868 1994 1029 2064 Vulcania
1048 1993 1144 2063 nohis

322 2116 503 2209 Obsequia,
523 2131 557 2184 et
576 2115 641 2183 taesi
657 2117 758 2184 servit
776 2131 887 2184 tamen
906 2118 954 2184 ira
972 2115 1091 2184 mariti.

320 2231 419 2301 Illum
440 2259 499 2327 ego
516 2237 682 2328 perpetuis
701 2236 782 2303 mihi
800 2234 959 2303 desudare
978 2235 1115 2303 caminis

322 2354 356 2420 si
371 2353 525 2444 jubeam,
544 2352 725 2446 vigilesque
746 2356 837 2447 operi
857 2355 1078 2422 transmittere
1096 2368 1231 2445 noctes,

321 2471 493 2558 Gaudeat,
513 2488 716 2564 ornatusque
735 2499 855 2561 novos,
874 2476 1001 2568 ipsique
1022 2473 1151 2544 laboret

320 2594 421 2662 Arma
440 2592 499 2659 tibi
519 2615 526 2656 :
549 2589 638 2659 tul...
659 2591 716 2659 sed
735 2592 888 2685 scopulos
904 2607 938 2662 et
957 2595 1059 2662 ahena
1082 2596 1247 2688 precando

320 2710 467 2779 Flectere
484 2709 583 2778 corda
600 2734 702 2802 paro:
722 2710 827 2779 solum
848 2714 911 2780 hoc
927 2727 1034 2781 tamen
1053 2714 1168 2803 anxia,
1189 2712 1297 2785 solum

321 2832 490 2916 Obtestor,
506 2830 586 2922 quid
602 2855 654 2897 me
674 2833 773 2923 Tyrio
790 2833 912 2900 sociare
929 2835 1048 2901 marito

320 2952 515 3044 Progeniem
531 2975 660 3037 caram,
679 2951 894 3045 infaustisque
913 2953 1013 3021 dabas
1033 2955 1243 3046 Hymenaeis?

320 3073 408 3138 Dum
427 3069 496 3138 sore
514 3068 685 3165 praeclaros
700 3073 820 3158 armis,
840 3087 872 3140 et
891 3072 998 3140 vivida
1014 3074 1113 3142 rebus

320 3192 456 3257 Pectora
473 3191 604 3283 vipereo
619 3193 735 3282 Tyrios
757 3190 797 3259 dc
816 3193 974 3285 sanguine
990 3193 1110 3285 jactas,

321 3310 574 3401 Demissumque
590 3311 679 3378 Jovis
696 3313 777 3379 serie
797 3335 900 3405 genus
913 3336 921 3378 :
935 3307 991 3378 ah!
1013 3336 1083 3380 mea
1102 3329 1230 3406 quanto

321 3427 472 3494 Sithonia
492 3427 623 3495 mallem
645 3432 808 3523 nupsisset
830 3432 921 3523 virgo
941 3431 1000 3497 sub
1020 3435 1121 3501 Arcto

320 3548 425 3615 Trans
445 3550 602 3633 Boream,
620 3549 829 3640 Thracasque
845 3562 940 3615 tuos:
956 3549 1091 3643 indigna
1107 3574 1274 3643 parumne

320 3665 541 3734 Pertulimus?
561 3666 643 3734 divae
658 3667 796 3733 Veneris
813 3666 902 3759 quod
918 3665 986 3735 filia
1005 3667 1139 3764 longum

320 3787 454 3877 Reptat,
475 3800 508 3853 et
525 3784 672 3878 Illyricas
692 3785 809 3875 ejectat
827 3786 917 3854 virus
935 3788 968 3855 in
986 3787 1128 3857 herbas?

321 3905 420 3972 Nunc
435 3919 564 3996 gentem
581 3899 840 3971 immeritaml..»
850 3906 1024 4000 Lacrymas
1035 3933 1100 3976 non
1112 3910 1257 4002 pertulit
1266 3917 1352 3986 ultra

320 4020 546 4116 Bellipotens:
563 4021 691 4091 hastam
708 4018 788 4090 laeva
807 4027 1001 4111 transumit,
1020 4041 1054 4095 et
1070 4026 1138 4096 alto
