2812 5258
182 415 218 469 5⁰
538 406 567 458 r.
589 400 709 456 runnu
730 395 852 452 sraau
1146 401 1216 457 (tn,

184 507 1216 556 mmmmm

657 847 742 931 ΙΙΙ.

392 1134 554 1203 ΑΒΒΟΒ
579 1131 741 1200 ATEDII
764 1126 1011 1196 MELIORIS.

244 1825 348 1906 Srnr,
367 1845 440 1913 quae
457 1819 644 1913 perspicuas
659 1814 756 1883 nitidi
774 1815 923 1883 Melioris
938 1826 1057 1908 opacat

198 1942 305 2010 Arbor
326 1963 445 2032 aquas,
462 1935 631 2030 complexa
648 1934 738 2003 lacus
760 1960 768 2001 :
790 1958 827 2002 ea
846 1936 965 2003 robore
983 1935 1024 2002 ab
1042 1931 1124 2002 imo.

199 2063 362 2144 Curvatn,
382 2057 497 2124 enodis
516 2055 601 2124 redit
618 2054 709 2141 inde,
729 2054 900 2122 cacumine
918 2066 1007 2121 recto

201 2177 330 2262 Ardua3
348 2202 407 2244 ceu
424 2175 539 2243 mediis
556 2179 676 2242 iterum
693 2187 846 2240 nascatur
861 2172 902 2239 ab
921 2170 1037 2256 undis,

202 2300 309 2389 Atque
325 2296 451 2363 habitet
470 2296 611 2361 vitreum
630 2294 734 2360 tacitis
751 2291 915 2359 radicibus
930 2314 1071 2358 amnem.

249 2413 340 2501 Quid
355 2413 514 2481 Phoebum
536 2425 601 2478 tam
619 2434 719 2504 parva
740 2409 875 2503 rogem?
894 2433 951 2476 vos
967 2408 1066 2477 dicite
1081 2430 1198 2476 causes

204 2530 338 2614 Naides,
356 2544 387 2597 et
403 2527 513 2596 faciles
528 2530 622 2623 (satis
639 2525 706 2617 est)
723 2527 797 2595 date
815 2524 960 2595 carmina
975 2525 1093 2594 Fauni.

205 2651 435 2743 Nympharum
451 2664 570 2716 tenerae
586 2647 754 2740 fugiebant
769 2648 858 2714 Pana
870 2660 1013 2724 ‚caterve
1031 2672 1040 2714 :

205 2767 266 2853 Ille
282 2767 414 2860 quidem
430 2769 472 2853 it,
489 2781 622 2834 cunctas
639 2781 795 2857 tanquam
811 2763 907 2850 velit3
921 2767 947 2832 it
965 2778 1076 2832 umen
1090 2786 1192 2832 unam

207 2890 247 2955 In
261 2884 408 2954 Pholoen
429 2911 437 2951 :
459 2884 547 2952 silvis
564 2886 631 2953 haec
647 2884 902 2976 fluminibusque
920 2882 1086 2976 sequentis

208 3006 306 3073 Nunc
322 3002 427 3070 hirtos
444 3027 585 3096 gressus,
602 3026 690 3071 nunc
706 3003 857 3096 improba
872 3025 996 3069 cornua
1015 3003 1108 3070 vitat.

209 3125 345 3212 Jamque
361 3135 393 3189 et
408 3119 600 3215 belligerum
616 3122 689 3190 tani
708 3145 838 3204 nemus,
856 3133 992 3212 atraque
1011 3120 1091 3189 Caci

211 3243 316 3327 Rura,
332 3239 584 3333 Quirinalesque
599 3239 676 3332 fuga
694 3263 849 3332 suspensa
865 3263 925 3332 per
940 3263 1036 3333 agros

212 3355 333 3427 Coelica
349 3371 432 3426 tecta
447 3358 533 3428 subit
553 3384 561 3426 :
583 3372 653 3426 tum
673 3356 805 3425 demum
825 3359 911 3426 victa
928 3357 1057 3443 labore,

212 3478 308 3544 Fessa
326 3491 430 3562 metu,
448 3502 513 3569 qua
528 3502 617 3551 nunc
635 3477 754 3569 placidi
773 3475 920 3546 Melioris
939 3476 1043 3570 aperti
1171 3527 1176 3541 .

213 3597 308 3663 Stant
328 3596 398 3662 sine
417 3592 531 3660 fraude
547 3592 646 3681 lares,
663 3595 780 3664 fluidos
796 3594 928 3689 collegit
942 3595 1080 3662 amictus

214 3716 361 3801 Arabus,
377 3727 410 3782 et
424 3714 527 3781 niveae
541 3714 649 3807 posuit
665 3739 700 3782 se
717 3717 864 3809 margine
880 3717 968 3807 ripe.

214 3835 400 3925 Insequitur
417 3831 510 3900 velox
530 3856 685 3926 pecorum
699 3837 804 3919 Deus,
820 3846 852 3900 et
868 3856 926 3900 sua
943 3830 1078 3901 credens

216 3953 403 4037 Connubia,
422 3951 550 4019 ardenti
563 3953 698 4046 jamjam
717 3952 856 4045 suspiria
874 3951 971 4020 librat
