2812 5258
302 395 356 462 164
598 395 810 450 annuamus
830 395 940 449 LIBER
963 394 1015 449 IX.
1224 388 1334 449 (2⁶⁵²)

295 524 454 609 Tartara,
473 523 556 590 etin
574 538 693 590 memet
712 545 823 589 versos
844 518 1040 588 descendere
1060 515 1195 584 vultus:

296 643 367 712 Nec
384 645 473 711 tenui
494 667 626 727 currus,
645 657 807 735 terraeque
824 644 965 735 abrupta
984 641 1092 734 coegi,

297 765 409 832 Savus
426 748 502 856 ego,
520 764 770 856 immeritusque
784 761 858 831 coli.
879 764 1044 856 Lugentia
1060 762 1165 829 cernis

295 886 417 970 Antra,
434 908 539 969 soror,
557 899 731 977 mutasque
750 884 891 954 domos:
911 884 981 952 haec
998 882 1068 951 sola
1087 879 1236 974 rependo

295 1008 393 1075 Dona
410 1007 466 1099 pio
484 1007 596 1075 comiti
615 1034 622 1075 :
642 1032 703 1076 nec
719 1022 755 1077 tu
774 1008 923 1100 peritura
941 998 1077 1073 movere

294 1124 443 1213 Auxiiia,
459 1143 492 1197 et
512 1143 647 1197 moestos
664 1129 698 1196 in
717 1152 840 1195 vanum
859 1151 958 1220 perge
976 1124 1115 1193 labores.

294 1248 384 1316 Finis
402 1247 497 1318 adest
511 1250 650 1341 juveni:
670 1274 738 1318 non
756 1249 821 1319 hoc
841 1246 1001 1316 mutabile
1020 1245 1142 1324 fatum;

294 1369 365 1437 Nec
384 1385 416 1438 tc
436 1395 527 1440 nunc
543 1370 652 1440 dubiis
670 1371 817 1440 fraterna
836 1367 972 1438 oracula
991 1366 1120 1435 fallunt.
1137 1395 1152 1427 »

343 1519 359 1552 t<
371 1494 416 1559 At
436 1490 535 1560 decus
552 1501 735 1560 extremum
755 1492 892 1576 misero,
911 1488 1048 1557 confusa
1068 1486 1212 1554 vicissim

294 1612 401 1704 Virgo
419 1611 540 1696 refert,
559 1611 716 1703 duraeque
734 1608 810 1679 licet
827 1608 944 1678 solatia
962 1610 1063 1676 morti

295 1732 480 1818 Quaerere:
499 1756 559 1801 nec
578 1730 683 1825 fugiet
701 1756 830 1823 poenas,
851 1731 1041 1823 quicunque
1058 1728 1236 1796 nefandam

295 1853 440 1920 Insontis
460 1853 554 1946 pueri
575 1851 742 1920 scelerarit
760 1853 921 1948 sanguine
941 1850 1091 1919 dextram

296 1973 423 2067 Impius
442 1999 449 2041 :
467 1988 499 2041 et
519 1974 641 2043 nostris
659 1972 707 2042 fas
726 1974 769 2043 sit
787 1975 902 2043 saevire
921 1975 1093 2069 sagittis.»

345 2097 399 2164 Sic
415 2093 516 2165 effata
532 2111 643 2168 movet
661 2121 811 2191 gressus,
830 2095 1030 2189 libandaque
1051 2096 1144 2164 fratri

294 2216 430 2287 Parcius
446 2244 504 2288 ora
526 2192 618 2305 tulit,
636 2219 832 2311 Thebasque
851 2218 970 2286 infesta
992 2221 1117 2310 petivit.

229 2378 234 2389 ι
343 2341 386 2406 At
405 2363 516 2432 pugna
535 2341 657 2432 ereptis
675 2339 783 2429 major
801 2337 965 2405 crudescit
984 2340 1151 2428 utrimque

295 2459 461 2552 Regibus,
482 2457 692 2549 alternosque
709 2458 774 2525 ciet
792 2456 938 2525 vindicta
961 2455 1101 2524 furores.

295 2583 443 2674 Hypseos
461 2580 539 2648 hinc
560 2594 692 2666 turmae,
719 2576 969 2671 desolatumque
986 2579 1144 2673 magistro

299 2706 445 2795 Agmen,
465 2715 498 2767 at
514 2700 593 2768 hinc
614 2701 748 2794 gravius
768 2699 879 2769 fremit
896 2699 1174 2795 Hippomedontis
1191 2699 1313 2767 ademti

296 2821 388 2891 Orba
409 2820 529 2888 cohors
545 2845 553 2887 t
569 2821 715 2913 praebent
735 2820 849 2890 obnixi
869 2836 1003 2914 pectora
1024 2818 1135 2888 ferro:

298 2943 389 3010 Idem
409 2940 509 3010 ardor
527 2941 650 3009 rabidis
669 2957 844 3010 externum
862 2942 995 3008 haurire
1012 2965 1182 3029 cruorem,

298 3070 346 3131 Ac
367 3062 489 3131 fudisse
507 3088 604 3131 suum
622 3089 630 3130 :
649 3089 709 3131 nec
726 3088 760 3131 se
776 3062 913 3156 vestigia
930 3077 1071 3131 mutant.

298 3186 371 3251 Stat
388 3208 495 3250 cuneo
513 3182 620 3252 defixa
640 3151 740 3268 abies,
760 3184 914 3274 hostique
933 3200 1071 3253 cruento

298 3305 388 3370 Dant
401 3305 546 3390 animas,
568 3319 601 3371 et
619 3321 709 3396 terga
723 3318 845 3396 negant
862 3330 869 3371 :
886 3325 990 3396 quum
1007 3304 1098 3398 lapsa
1118 3331 1175 3399 per
1194 3330 1291 3373 auras

301 3424 433 3490 V'ertice
448 3425 568 3491 Dircaei
588 3421 683 3489 velox
700 3423 842 3490 Latonia
861 3426 983 3492 montis

298 3542 435 3610 Adstitit
452 3568 460 3609 :
479 3557 665 3636 agnoscunt
679 3540 799 3628 colles,
819 3559 1002 3637 notamque
1020 3549 1179 3615 tremiscit

298 3660 388 3730 Silva
406 3666 531 3745 Deam,
552 3664 644 3730 saevis
663 3663 719 3729 ubi
736 3664 906 3755 quondam
922 3681 1034 3734 exerta
1054 3669 1181 3761 sagittis

298 3783 499 3852 Foecundam
517 3782 603 3851 lasso
620 3785 753 3853 Nioben
774 3803 1000 3855 consumserat
1019 3813 1109 3857 arcu.

347 3903 445 3972 Ilium
464 3905 550 3972 acies
568 3904 655 3971 inter
674 3904 817 3991 modias,
832 3907 902 3997 jam
923 3907 1011 3975 caede
1033 3911 1233 4002 superbum,

300 4027 438 4095 Nescius
455 4050 640 4112 armorum,
657 4041 690 4094 et
704 4027 828 4120 primas
843 4042 924 4096 'tunc
936 4046 1058 4121 'passus
1075 4030 1222 4099 habenas
