2812 5258
184 405 240 464 316
554 407 844 464 ADNOTATIONES

222 525 382 599 δωρειῶν
394 536 466 581 oetas
479 522 517 602 (v.
537 522 614 602 aao).
629 525 729 580 «Dicit
742 525 778 580 de
792 525 987 599 Epigouomm
1000 534 1093 595 atate,
1107 525 1221 584 sobolis

182 618 285 672 horum
299 616 461 693 argivorum
474 616 593 686 ducum,
607 617 658 691 qui
673 618 804 691 sequenti
827 626 907 672 aetate
921 616 1031 672 Thebas
1050 628 1219 675 everterunt

183 718 211 762 et
229 708 335 766 incolas
349 709 521 766 habitatione
536 709 584 764 illa
599 708 751 780 ejecerunt.
763 734 775 759 a
789 712 887 764 Gnoss.
897 711 985 764 Recte
1000 728 1007 761 ε
1020 727 1048 763 v.
1063 710 1161 767 Barth.

222 803 354 858 Nondum
366 802 452 856 bustu
465 801 540 855 crica
553 797 591 877 (v.
607 798 685 877 alo).
701 801 821 874 Aliquot
836 800 919 856 codd.
936 820 943 856 ε
962 813 1069 856 contra.

223 895 358 968 Set-eaque
370 892 502 964 difficiles
510 894 657 946 excludere
669 896 788 948 vumera
804 891 840 965 (v.
856 889 933 968 270).
945 894 1069 949 «Contra
1082 911 1220 968 magnum

183 984 318 1058 impetum
337 982 493 1039 inutiliores
515 1001 598 1039 causa
610 983 785 1039 brevitatis.»
800 985 897 1038 Gnoss.
916 994 943 1038 ct
961 986 1048 1039 Lacr.
1066 983 1140 1039 Vide
1159 987 1218 1040 L1-

182 1096 283 1145 rsruu,
296 1078 333 1132 de
344 1077 429 1130 Mitis.
444 1094 531 1140 mm,
547 1093 575 1147 p.
592 1073 658 1140 888.

222 1169 387 1223 Hecatoea...
406 1159 581 1240 Gargaphye
600 1162 638 1242 (v.
658 1165 714 1234 273
729 1163 791 1242 sq).
813 1167 910 1222 «Fons
928 1166 1024 1222 Dianae
1037 1178 1085 1223 aut
1100 1168 1218 1224 Hecatae

184 1269 398 1315 consecratus.»
423 1260 509 1312 Lacr.
531 1275 548 1312 a
570 1257 664 1312 Barth.
687 1266 837 1312 correctus.
859 1260 952 1328 Quare
975 1258 1058 1313 etiam
1083 1257 1215 1332 Nympha

184 1350 280 1407 Diam
294 1369 396 1407 comes.
406 1349 489 1404 -ln
507 1367 603 1424 aeqv.
621 1349 753 1423 exprimit
770 1349 887 1406 Homeri
900 1360 1004 1415 ποιήενθ’
1016 1351 1149 1428 illapsos,
1166 1353 1217 1407 sed

182 1441 252 1499 mire
265 1444 313 1498 Pii
327 1461 334 1497 ε
349 1443 455 1499 nivea...
464 1440 551 1497 herba
563 1457 618 1514 pro
631 1441 740 1506 ηἰυιὶα,
754 1450 787 1497 ut
800 1441 837 1496 ad
849 1451 952 1497 certam
965 1442 1089 1515 aliquam
1098 1442 1219 1498 herbam

183 1531 331 1590 referatur.
886 1550 888 1555 ’

225 1627 371 1680 Arborei...
387 1626 464 1681 stitus
477 1621 516 1702 (v.
536 1621 614 1700 app).
629 1622 768 1680 «sinuosi
785 1623 904 1680 cortices
919 1623 980 1700 igni
997 1624 1132 1681 obturati.
1144 1649 1157 1675 s

821 1730 823 1735 ’
1058 1717 1159 1773 Gnoss.

224 1808 307 1872 Felic
324 1807 419 1862 Olmie
435 1805 472 1882 (v.
488 1803 570 1885 adl).
582 1807 697 1862 lluvins
710 1806 800 1863 Musis
811 1823 898 1875 sacer,
916 1815 948 1860 ut
968 1808 1137 1864 Permessus.
1156 1809 1224 1864 No-

184 1916 250 1954 men
262 1897 635 1972 restituitltarthius‚quum
643 1899 673 1955 in
686 1898 770 1955 codd.
778 1897 907 1973 plurimis
917 1898 952 1953 sit
965 1899 1109 1968 Hor-mins,
1118 1899 1151 1955 in
1160 1902 1224 1957 aliia

185 1990 287 2047 similes
300 1990 506 2065 corruptiones.
520 1993 629 2047 Verum
650 1991 771 2047 servavit
784 1990 868 2047 etiam
887 1988 951 2045 cod.
966 1990 1051 2047 Paris.
1064 1986 1223 2063 Lactantii‚

190 2083 313 2138 Olmium
321 2123 330 2149 ,
346 2101 433 2157 quum
447 2082 479 2139 in
491 2081 632 2156 impressit
646 2082 681 2138 sit
697 2083 851 2138 Hormrbm.

227 2174 369 2248 Inteqsata
384 2176 498 2230 docenti
518 2172 557 2251 (v.
576 2173 654 2253 ²9⁰)·
677 2175 789 2232 «Clanis
806 2175 907 2232 litteris
923 2178 977 2230 ΜΒ
995 2186 1024 2230 et
1040 2191 1057 2229 a
1076 2174 1122 2230 alii
1141 2174 1219 2231 rele-

185 2277 253 2324 runt
260 2269 435 2342 loq1oen8em,
450 2266 530 2342 quod
546 2267 664 2323 omuino
676 2267 861 2341 Papinianum
875 2279 925 2325 est.
935 2292 948 2318 ι
961 2271 1066 2323 Basra.
1078 2269 1148 2342 Reg.
1163 2287 1175 2322 x
1194 2278 1223 2323 et

188 2374 205 2412 a
221 2359 255 2413 al.
272 2378 280 2412 t
294 2359 482 2431 eloquenti.»

226 2447 398 2519 lapithomia
423 2446 551 2518 nympha
570 2445 690 2502 Dioeeo‘s
709 2443 748 2521 (v.
768 2445 846 2522 ²9⁸)·
867 2449 921 2501 ΜΒ
936 2457 965 2501 et
988 2449 1137 2520 aliegg.:
1159 2452 1219 2505 la-

185 2536 337 2612 pitham,
359 2533 440 2608 quod
466 2553 521 2608 pro
539 2535 626 2609 patris
646 2537 761 2591 Alatrei
774 2534 826 2616 [ita
844 2537 919 2592 enim
941 2534 1135 2607 scribendum,
1159 2536 1221 2597 noir

187 2625 324 2705 Alathrei]
343 2627 458 2684 nomine
475 2627 576 2684 habuit
596 2628 769 2686 Gronovius.
787 2630 850 2686 lloc
868 2628 892 2686 si
909 2647 1008 2686 verum
1021 2637 1078 2698 est,
1098 2643 1219 2689 conua-

186 2721 259 2778 dixit
275 2721 330 2777 sibi
343 2720 463 2790 Statius,
478 2721 529 2795 qui
541 2740 589 2791 xa,
601 2740 628 2777 v.
649 2721 686 2778 32
702 2724 765 2779 coll.
786 2723 838 2795 35,
852 2721 983 2778 eumdem
1002 2722 1221 2795 Eurymedonta

187 2823 278 2868 vocat
306 2812 428 2868 Videtur
455 2811 542 2888 igitur
567 2833 624 2870 una
646 2817 835 2891 nympharum
855 2814 951 2869 Dirces
974 2815 1061 2870 fontis
1080 2816 1221 2888 appellata

187 2905 272 2961 fuisse
287 2904 464 2979 Lapithonia.

226 3001 310 3053 Juvat
321 3010 349 3051 et
361 3010 478 3053 ventura
491 3011 617 3054 senectus
631 2998 668 3076 (v.
680 2998 756 3076 iol).
771 3023 783 3046 a
793 2999 859 3053 Uno
873 3008 1002 3073 tempore
1016 2999 1220 3055 senescentium

188 3089 275 3163 patris
292 3099 321 3144 et
334 3087 415 3144 filii.»
433 3091 516 3145 Lacr.
532 3093 629 3147 Recte.
643 3094 725 3147 Juvat
740 3101 781 3145 est
796 3097 850 3163 pro
862 3090 988 3162 juvabit,
1003 3104 1033 3147 et
1050 3110 1104 3165 pro
1123 3090 1217 3147 etiam.

190 3181 243 3235 Hic
266 3178 340 3237 filius
358 3192 469 3254 patrem
489 3182 545 3238 alio
558 3184 646 3239 modo
662 3181 773 3254 juvabit
789 3200 820 3237 ac
842 3180 893 3236 filii
906 3184 993 3257 vulgo
1016 3202 1082 3239 suos
1099 3193 1218 3256 patres:

187 3274 232 3327 vel
246 3291 331 3328 senex
345 3292 409 3328 eum
425 3274 632 3347 amplexabitur
644 3283 676 3328 ut
692 3292 847 3346 aequaevum
862 3273 990 3329 amicum.
1009 3275 1073 3343 Qua
1092 3274 1218 3347 explica-

190 3364 268 3419 tione
287 3365 451 3435 eluduntur,
465 3366 579 3439 opinor,
592 3364 761 3437 conjecturae
774 3366 893 3422 Barthii

229 3458 403 3531 Pectomque
419 3457 456 3531 (v.
472 3454 549 3534 314).
563 3457 664 3512 Melius
678 3458 759 3513 multi
773 3459 857 3514 codd.
874 3476 881 3512 :
897 3475 1125 3533 «corporaque»

226 3547 360 3621 Abruptis
416 3549 549 3604 Pontibus
570 3545 609 3623 (v.
632 3546 687 3604 315
711 3548 776 3624 sq).
800 3567 816 3605 a
839 3549 923 3604 codd.
947 3549 1030 3605 Lind.
1048 3569 1055 3602 ε
1069 3546 1219 3618 fontibus,

188 3637 267 3711 quod
281 3656 308 3690 v.
328 3640 386 3692 exr't
402 3639 519 3695 suadere
534 3638 655 3708 videtur,
675 3651 704 3695 et
716 3640 853 3696 sinceram
867 3659 925 3697 esse
947 3642 1096 3697 lectionem
1108 3639 1221 3712 judicat

187 3728 297 3784 Wakef.
314 3728 350 3783 ad
368 3728 455 3802 Sopb.
481 3729 594 3797 Traeis„
609 3728 683 3801 852,
705 3733 813 3788 clerens
832 3745 925 3806 ruptos
937 3731 1037 3804 sontes
1059 3749 1104 3804 ap.
1121 3731 1222 3806 Virg.,

189 3821 303 3894 Georg„
318 3819 586 3891 111,428,Senec.,
603 3823 683 3878 Hem.
703 3824 771 3880 OEt.
780 3864 789 3891 ‚
813 3823 879 3899 59¹·
895 3824 1008 3897 Repetit
1020 3825 1078 3879 haec
1101 3822 1139 3878 ad
1158 3825 1221 3879 Lu-

187 3923 269 3979 ctet,
286 3930 313 3982 ι,
330 3912 395 3983 286,
409 3913 460 3968 ubi
473 3913 595 3989 obreptis
609 3916 696 3972 malit.

228 4004 309 4060 Mide
319 4001 356 4081 (v.
371 4002 448 4081 331).
463 4007 561 4082 Longa
574 4007 620 4063 hic
632 4009 898 4085 penultima,quum
911 4008 987 4082 apud
1001 4011 1114 4065 Graecos
1128 4005 1222 4066 brevis
