<?xml version="1.0" encoding="UTF-8"?>
<!DOCTYPE html PUBLIC "-//W3C//DTD XHTML 1.0 Transitional//EN"
    "http://www.w3.org/TR/xhtml1/DTD/xhtml1-transitional.dtd">
<html xmlns="http://www.w3.org/1999/xhtml" xml:lang="en" lang="en">
 <head>
  <title>
</title>
<meta http-equiv="Content-Type" content="text/html;charset=utf-8" />
  <meta name='ocr-system' content='tesseract 3.04.00' />
  <meta name='ocr-capabilities' content='ocr_page ocr_carea ocr_par ocr_line ocrx_word'/>
</head>
<body>
  <div class='ocr_page' id='page_1' title='image "./publiipapiniist01statgoog_0102.png"; bbox 0 0 2812 5258; ppageno 0'>
   <div class='ocr_carea' id='block_1_1' title="bbox 331 459 1358 533">
    <p class='ocr_par' dir='ltr' id='par_1_1' title="bbox 331 459 1358 533">
     <span class='ocr_line' id='line_1_1' title="bbox 331 459 1358 533; baseline -0.008 -10"><span class='ocrx_word' id='word_1_1' title='bbox 331 475 383 533; x_wconf 75' lang='lat' dir='ltr'><strong>ua</strong></span> <span class='ocrx_word' id='word_1_2' title='bbox 676 466 705 517; x_wconf 86' lang='lat' dir='ltr'><strong>r.</strong></span> <span class='ocrx_word' id='word_1_3' title='bbox 729 462 850 517; x_wconf 78' lang='lat' dir='ltr'><strong>ruam</strong></span> <span class='ocrx_word' id='word_1_4' title='bbox 872 459 992 514; x_wconf 85' lang='lat' dir='ltr'><strong>sraru</strong></span> <span class='ocrx_word' id='word_1_5' title='bbox 1255 461 1290 524; x_wconf 70' lang='grc' dir='ltr'><strong>(ι.</strong></span> <span class='ocrx_word' id='word_1_6' title='bbox 1305 468 1358 531; x_wconf 69' lang='grc'><strong>5,.)</strong></span> 
     </span>
    </p>
   </div>
   <div class='ocr_carea' id='block_1_2' title="bbox 326 579 1286 2570">
    <p class='ocr_par' dir='ltr' id='par_1_2' title="bbox 328 579 1260 677">
     <span class='ocr_line' id='line_1_2' title="bbox 328 579 1260 677; baseline -0.006 -20"><span class='ocrx_word' id='word_1_7' title='bbox 328 589 523 676; x_wconf 76' lang='lat' dir='ltr'><strong>Quaerimus.</strong></span> <span class='ocrx_word' id='word_1_8' title='bbox 543 590 593 654; x_wconf 84' lang='lat' dir='ltr'><strong>En</strong></span> <span class='ocrx_word' id='word_1_9' title='bbox 610 599 738 677; x_wconf 81' lang='lat' dir='ltr'><strong>egomet</strong></span> <span class='ocrx_word' id='word_1_10' title='bbox 754 607 924 669; x_wconf 89' lang='lat' dir='ltr'><strong>somnum,</strong></span> <span class='ocrx_word' id='word_1_11' title='bbox 941 596 972 646; x_wconf 91' lang='lat' dir='ltr'><strong>et</strong></span> <span class='ocrx_word' id='word_1_12' title='bbox 987 579 1113 673; x_wconf 81' lang='lat' dir='ltr'><strong>geniale</strong></span> <span class='ocrx_word' id='word_1_13' title='bbox 1129 596 1260 652; x_wconf 78' lang='lat' dir='ltr'><strong>secutus</strong></span> 
     </span>
    </p>

    <p class='ocr_par' dir='ltr' id='par_1_3' title="bbox 326 700 1167 792">
     <span class='ocr_line' id='line_1_3' title="bbox 326 700 1167 792; baseline -0.01 -16"><span class='ocrx_word' id='word_1_14' title='bbox 326 714 441 789; x_wconf 79' lang='lat' dir='ltr'><strong>Litus,</strong></span> <span class='ocrx_word' id='word_1_15' title='bbox 460 707 516 772; x_wconf 92' lang='lat' dir='ltr'><strong>ubi</strong></span> <span class='ocrx_word' id='word_1_16' title='bbox 539 706 685 772; x_wconf 72' lang='lat' dir='ltr'><strong>Ausonio</strong></span> <span class='ocrx_word' id='word_1_17' title='bbox 704 729 739 770; x_wconf 85' lang='lat' dir='ltr'><strong>se</strong></span> <span class='ocrx_word' id='word_1_18' title='bbox 756 700 904 770; x_wconf 77' lang='lat' dir='ltr'><strong>condidit</strong></span> <span class='ocrx_word' id='word_1_19' title='bbox 922 701 1051 791; x_wconf 82' lang='lat' dir='ltr'><strong>hospita</strong></span> <span class='ocrx_word' id='word_1_20' title='bbox 1068 715 1167 792; x_wconf 92' lang='lat' dir='ltr'><strong>portu</strong></span> 
     </span>
    </p>

    <p class='ocr_par' dir='ltr' id='par_1_4' title="bbox 327 817 1105 916">
     <span class='ocr_line' id='line_1_4' title="bbox 327 817 1105 916; baseline -0.008 -25"><span class='ocrx_word' id='word_1_21' title='bbox 327 827 552 916; x_wconf 79' lang='lat' dir='ltr'>Parthenope,</span> <span class='ocrx_word' id='word_1_22' title='bbox 571 837 683 890; x_wconf 76' lang='lat' dir='ltr'><strong>tenues</strong></span> <span class='ocrx_word' id='word_1_23' title='bbox 700 823 818 914; x_wconf 86' lang='lat' dir='ltr'><strong>ignavo</strong></span> <span class='ocrx_word' id='word_1_24' title='bbox 834 817 952 912; x_wconf 75' lang='lat' dir='ltr'><strong>pollice</strong></span> <span class='ocrx_word' id='word_1_25' title='bbox 965 818 1105 885; x_wconf 84' lang='lat' dir='ltr'><strong>chordas</strong></span> 
     </span>
    </p>

    <p class='ocr_par' dir='ltr' id='par_1_5' title="bbox 329 935 1153 1032">
     <span class='ocr_line' id='line_1_5' title="bbox 329 935 1153 1032; baseline -0.011 -20"><span class='ocrx_word' id='word_1_26' title='bbox 329 943 447 1029; x_wconf 90' lang='lat' dir='ltr'><strong>Pulso,</strong></span> <span class='ocrx_word' id='word_1_27' title='bbox 463 943 678 1032; x_wconf 79' lang='lat' dir='ltr'><strong>Maroneique</strong></span> <span class='ocrx_word' id='word_1_28' title='bbox 695 939 810 1006; x_wconf 87' lang='lat' dir='ltr'><strong>sedens</strong></span> <span class='ocrx_word' id='word_1_29' title='bbox 827 938 861 1004; x_wconf 92' lang='lat' dir='ltr'><strong>in</strong></span> <span class='ocrx_word' id='word_1_30' title='bbox 876 937 1024 1029; x_wconf 83' lang='lat' dir='ltr'><strong>margine</strong></span> <span class='ocrx_word' id='word_1_31' title='bbox 1039 935 1153 1030; x_wconf 81' lang='lat' dir='ltr'><strong>tetrapli</strong></span> 
     </span>
    </p>

    <p class='ocr_par' dir='ltr' id='par_1_6' title="bbox 329 1053 1275 1269">
     <span class='ocr_line' id='line_1_6' title="bbox 329 1053 1275 1150; baseline -0.003 -21"><span class='ocrx_word' id='word_1_32' title='bbox 329 1066 430 1130; x_wconf 89' lang='lat' dir='ltr'><strong>Sumo</strong></span> <span class='ocrx_word' id='word_1_33' title='bbox 448 1062 614 1143; x_wconf 86' lang='lat' dir='ltr'><strong>animum,</strong></span> <span class='ocrx_word' id='word_1_34' title='bbox 631 1071 665 1125; x_wconf 91' lang='lat' dir='ltr'><strong>et</strong></span> <span class='ocrx_word' id='word_1_35' title='bbox 681 1057 792 1150; x_wconf 85' lang='lat' dir='ltr'><strong>magni</strong></span> <span class='ocrx_word' id='word_1_36' title='bbox 811 1053 945 1122; x_wconf 81' lang='lat' dir='ltr'><strong>tumulis</strong></span> <span class='ocrx_word' id='word_1_37' title='bbox 961 1054 1100 1122; x_wconf 71' lang='lat' dir='ltr'><strong>adcanto</strong></span> <span class='ocrx_word' id='word_1_38' title='bbox 1116 1059 1275 1150; x_wconf 76' lang='lat' dir='ltr'><strong>mgistri.</strong></span> 
     </span>
     <span class='ocr_line' id='line_1_7' title="bbox 375 1173 1197 1269; baseline -0.001 -27"><span class='ocrx_word' id='word_1_39' title='bbox 375 1184 448 1248; x_wconf 70' lang='lat' dir='ltr'><strong>«Aa</strong></span> <span class='ocrx_word' id='word_1_40' title='bbox 466 1192 524 1265; x_wconf 90' lang='lat' dir='ltr'><strong>tu,</strong></span> <span class='ocrx_word' id='word_1_41' title='bbox 540 1180 567 1244; x_wconf 82' lang='lat' dir='ltr'><strong>si</strong></span> <span class='ocrx_word' id='word_1_42' title='bbox 584 1176 673 1269; x_wconf 89' lang='lat' dir='ltr'><strong>longi</strong></span> <span class='ocrx_word' id='word_1_43' title='bbox 690 1198 824 1244; x_wconf 87' lang='lat' dir='ltr'><strong>cursum</strong></span> <span class='ocrx_word' id='word_1_44' title='bbox 842 1173 933 1241; x_wconf 89' lang='lat' dir='ltr'><strong>dabit</strong></span> <span class='ocrx_word' id='word_1_45' title='bbox 954 1178 1099 1266; x_wconf 79' lang='lat' dir='ltr'><strong>Atropos</strong></span> <span class='ocrx_word' id='word_1_46' title='bbox 1116 1176 1197 1258; x_wconf 82' lang='lat' dir='ltr'><strong>aevi,</strong></span> 
     </span>
    </p>

    <p class='ocr_par' dir='ltr' id='par_1_7' title="bbox 330 1272 1258 1390">
     <span class='ocr_line' id='line_1_8' title="bbox 330 1272 1258 1390; baseline -0.006 -24"><span class='ocrx_word' id='word_1_47' title='bbox 330 1303 460 1390; x_wconf 89' lang='lat' dir='ltr'><strong>Detque</strong></span> <span class='ocrx_word' id='word_1_48' title='bbox 477 1320 607 1389; x_wconf 87' lang='lat' dir='ltr'><strong>prooor,</strong></span> <span class='ocrx_word' id='word_1_49' title='bbox 624 1272 775 1386; x_wconf 78' lang='lat' dir='ltr'><strong>latiique</strong></span> <span class='ocrx_word' id='word_1_50' title='bbox 791 1293 884 1361; x_wconf 87' lang='lat' dir='ltr'><strong>ducis</strong></span> <span class='ocrx_word' id='word_1_51' title='bbox 901 1293 929 1359; x_wconf 86' lang='lat' dir='ltr'><strong>si</strong></span> <span class='ocrx_word' id='word_1_52' title='bbox 945 1293 1082 1359; x_wconf 77' lang='lat' dir='ltr'><strong>numina</strong></span> <span class='ocrx_word' id='word_1_53' title='bbox 1099 1305 1258 1385; x_wconf 84' lang='lat' dir='ltr'><strong>pergent,</strong></span> 
     </span>
    </p>

    <p class='ocr_par' dir='ltr' id='par_1_8' title="bbox 327 1408 1286 1506">
     <span class='ocr_line' id='line_1_9' title="bbox 327 1408 1286 1506; baseline -0.005 -23"><span class='ocrx_word' id='word_1_54' title='bbox 327 1420 438 1505; x_wconf 85' lang='lat' dir='ltr'><strong>Quem</strong></span> <span class='ocrx_word' id='word_1_55' title='bbox 458 1415 514 1482; x_wconf 92' lang='lat' dir='ltr'><strong>tibi</strong></span> <span class='ocrx_word' id='word_1_56' title='bbox 534 1413 720 1506; x_wconf 84' lang='lat' dir='ltr'><strong>posthabito</strong></span> <span class='ocrx_word' id='word_1_57' title='bbox 735 1411 880 1480; x_wconf 85' lang='lat' dir='ltr'><strong>studium</strong></span> <span class='ocrx_word' id='word_1_58' title='bbox 896 1424 945 1478; x_wconf 87' lang='lat' dir='ltr'><strong>est</strong></span> <span class='ocrx_word' id='word_1_59' title='bbox 962 1408 1101 1478; x_wconf 86' lang='lat' dir='ltr'><strong>coluisse</strong></span> <span class='ocrx_word' id='word_1_60' title='bbox 1114 1412 1286 1496; x_wconf 80' lang='lat' dir='ltr'><strong>Tonante,</strong></span> 
     </span>
    </p>

    <p class='ocr_par' dir='ltr' id='par_1_9' title="bbox 329 1529 1086 1626">
     <span class='ocr_line' id='line_1_10' title="bbox 329 1529 1086 1626; baseline -0.005 -26"><span class='ocrx_word' id='word_1_61' title='bbox 329 1536 461 1626; x_wconf 88' lang='lat' dir='ltr'><strong>Quique</strong></span> <span class='ocrx_word' id='word_1_62' title='bbox 482 1546 554 1599; x_wconf 90' lang='lat' dir='ltr'><strong>tuos</strong></span> <span class='ocrx_word' id='word_1_63' title='bbox 573 1530 637 1599; x_wconf 93' lang='lat' dir='ltr'><strong>alio</strong></span> <span class='ocrx_word' id='word_1_64' title='bbox 656 1531 796 1599; x_wconf 86' lang='lat' dir='ltr'><strong>subtexit</strong></span> <span class='ocrx_word' id='word_1_65' title='bbox 815 1553 952 1598; x_wconf 84' lang='lat' dir='ltr'><strong>munere</strong></span> <span class='ocrx_word' id='word_1_66' title='bbox 969 1529 1086 1614; x_wconf 79' lang='lat' dir='ltr'><strong>fasces,</strong></span> 
     </span>
    </p>

    <p class='ocr_par' dir='ltr' id='par_1_10' title="bbox 328 1649 1139 1744">
     <span class='ocr_line' id='line_1_11' title="bbox 328 1649 1139 1744; baseline -0.004 -25"><span class='ocrx_word' id='word_1_67' title='bbox 328 1657 369 1720; x_wconf 91' lang='lat' dir='ltr'><strong>Et</strong></span> <span class='ocrx_word' id='word_1_68' title='bbox 386 1653 488 1744; x_wconf 89' lang='lat' dir='ltr'><strong>spatia</strong></span> <span class='ocrx_word' id='word_1_69' title='bbox 508 1653 650 1741; x_wconf 84' lang='lat' dir='ltr'><strong>antiquae</strong></span> <span class='ocrx_word' id='word_1_70' title='bbox 668 1649 801 1717; x_wconf 88' lang='lat' dir='ltr'><strong>mandat</strong></span> <span class='ocrx_word' id='word_1_71' title='bbox 819 1672 978 1716; x_wconf 88' lang='lat' dir='ltr'><strong>renovare</strong></span> <span class='ocrx_word' id='word_1_72' title='bbox 995 1649 1139 1734; x_wconf 78' lang='lat' dir='ltr'><strong>latina,</strong></span> 
     </span>
    </p>

    <p class='ocr_par' dir='ltr' id='par_1_11' title="bbox 330 1766 1063 1850">
     <span class='ocr_line' id='line_1_12' title="bbox 330 1766 1063 1850; baseline -0.001 -16"><span class='ocrx_word' id='word_1_73' title='bbox 330 1769 476 1836; x_wconf 86' lang='lat' dir='ltr'><strong>Forsitan</strong></span> <span class='ocrx_word' id='word_1_74' title='bbox 496 1768 656 1836; x_wconf 82' lang='lat' dir='ltr'><strong>Ausonias</strong></span> <span class='ocrx_word' id='word_1_75' title='bbox 673 1767 734 1834; x_wconf 89' lang='lat' dir='ltr'><strong>ibis</strong></span> <span class='ocrx_word' id='word_1_76' title='bbox 751 1766 880 1834; x_wconf 85' lang='lat' dir='ltr'><strong>frenare</strong></span> <span class='ocrx_word' id='word_1_77' title='bbox 895 1767 1063 1850; x_wconf 86' lang='lat' dir='ltr'><strong>cohortes,</strong></span> 
     </span>
    </p>

    <p class='ocr_par' dir='ltr' id='par_1_12' title="bbox 329 1882 1162 1979">
     <span class='ocr_line' id='line_1_13' title="bbox 329 1882 1162 1979; baseline -0.002 -25"><span class='ocrx_word' id='word_1_78' title='bbox 329 1892 395 1955; x_wconf 81' lang='lat' dir='ltr'><strong>Aut</strong></span> <span class='ocrx_word' id='word_1_79' title='bbox 412 1886 519 1954; x_wconf 86' lang='lat' dir='ltr'><strong>Rheni</strong></span> <span class='ocrx_word' id='word_1_80' title='bbox 537 1883 696 1979; x_wconf 86' lang='lat' dir='ltr'><strong>populos,</strong></span> <span class='ocrx_word' id='word_1_81' title='bbox 713 1899 770 1952; x_wconf 90' lang='lat' dir='ltr'><strong>aut</strong></span> <span class='ocrx_word' id='word_1_82' title='bbox 788 1885 890 1977; x_wconf 77' lang='lat' dir='ltr'><strong>nigrae</strong></span> <span class='ocrx_word' id='word_1_83' title='bbox 907 1882 1005 1951; x_wconf 86' lang='lat' dir='ltr'><strong>litora</strong></span> <span class='ocrx_word' id='word_1_84' title='bbox 1020 1882 1162 1969; x_wconf 81' lang='lat' dir='ltr'><strong>Thulee,</strong></span> 
     </span>
    </p>

    <p class='ocr_par' dir='ltr' id='par_1_13' title="bbox 328 2001 1184 2095">
     <span class='ocr_line' id='line_1_14' title="bbox 328 2001 1184 2095; baseline -0.001 -24"><span class='ocrx_word' id='word_1_85' title='bbox 328 2009 396 2073; x_wconf 78' lang='lat' dir='ltr'><strong>Aut</strong></span> <span class='ocrx_word' id='word_1_86' title='bbox 413 2006 533 2071; x_wconf 78' lang='lat' dir='ltr'><strong>latrum</strong></span> <span class='ocrx_word' id='word_1_87' title='bbox 552 2027 681 2071; x_wconf 81' lang='lat' dir='ltr'><strong>servare</strong></span> <span class='ocrx_word' id='word_1_88' title='bbox 698 2001 803 2088; x_wconf 84' lang='lat' dir='ltr'><strong>latus,</strong></span> <span class='ocrx_word' id='word_1_89' title='bbox 822 2002 1062 2094; x_wconf 87' lang='lat' dir='ltr'><strong>metuendaque</strong></span> <span class='ocrx_word' id='word_1_90' title='bbox 1080 2016 1184 2095; x_wconf 73' lang='lat' dir='ltr'><strong>portu</strong></span> 
     </span>
    </p>

    <p class='ocr_par' dir='ltr' id='par_1_14' title="bbox 328 2120 1173 2214">
     <span class='ocr_line' id='line_1_15' title="bbox 328 2120 1173 2214; baseline -0.001 -25"><span class='ocrx_word' id='word_1_91' title='bbox 328 2123 458 2190; x_wconf 88' lang='lat' dir='ltr'><strong>Limina</strong></span> <span class='ocrx_word' id='word_1_92' title='bbox 473 2123 636 2213; x_wconf 68' lang='lat' dir='ltr'><strong>Caspiacae</strong></span> <span class='ocrx_word' id='word_1_93' title='bbox 655 2147 664 2189; x_wconf 78' lang='lat' dir='ltr'><strong><em>z</em></strong></span> <span class='ocrx_word' id='word_1_94' title='bbox 685 2146 746 2189; x_wconf 86' lang='lat' dir='ltr'><strong>nee</strong></span> <span class='ocrx_word' id='word_1_95' title='bbox 762 2123 849 2189; x_wconf 88' lang='lat' dir='ltr'><strong>enim</strong></span> <span class='ocrx_word' id='word_1_96' title='bbox 870 2122 929 2188; x_wconf 89' lang='lat' dir='ltr'><strong>tibi</strong></span> <span class='ocrx_word' id='word_1_97' title='bbox 947 2120 1015 2189; x_wconf 87' lang='lat' dir='ltr'><strong>sola</strong></span> <span class='ocrx_word' id='word_1_98' title='bbox 1031 2123 1173 2214; x_wconf 85' lang='lat' dir='ltr'><strong>potentis</strong></span> 
     </span>
    </p>

    <p class='ocr_par' dir='ltr' id='par_1_15' title="bbox 328 2237 1214 2332">
     <span class='ocr_line' id='line_1_16' title="bbox 328 2237 1214 2332; baseline -0.002 -24"><span class='ocrx_word' id='word_1_99' title='bbox 328 2240 458 2332; x_wconf 87' lang='lat' dir='ltr'><strong>Eloquii</strong></span> <span class='ocrx_word' id='word_1_100' title='bbox 475 2242 596 2325; x_wconf 86' lang='lat' dir='ltr'><strong>virtus;</strong></span> <span class='ocrx_word' id='word_1_101' title='bbox 615 2255 692 2308; x_wconf 89' lang='lat' dir='ltr'><strong>sunt</strong></span> <span class='ocrx_word' id='word_1_102' title='bbox 708 2240 855 2308; x_wconf 84' lang='lat' dir='ltr'><strong>membra</strong></span> <span class='ocrx_word' id='word_1_103' title='bbox 873 2239 1083 2308; x_wconf 85' lang='lat' dir='ltr'><strong>aooommoda</strong></span> <span class='ocrx_word' id='word_1_104' title='bbox 1098 2237 1214 2323; x_wconf 85' lang='lat' dir='ltr'><strong>bellis,</strong></span> 
     </span>
    </p>

    <p class='ocr_par' dir='ltr' id='par_1_16' title="bbox 328 2356 1161 2450">
     <span class='ocr_line' id='line_1_17' title="bbox 328 2356 1161 2450; baseline 0.001 -26"><span class='ocrx_word' id='word_1_105' title='bbox 328 2361 461 2449; x_wconf 89' lang='lat' dir='ltr'><strong>Quique</strong></span> <span class='ocrx_word' id='word_1_106' title='bbox 479 2382 612 2450; x_wconf 86' lang='lat' dir='ltr'><strong>gravem</strong></span> <span class='ocrx_word' id='word_1_107' title='bbox 632 2358 716 2425; x_wconf 89' lang='lat' dir='ltr'><strong>tardi</strong></span> <span class='ocrx_word' id='word_1_108' title='bbox 732 2359 869 2426; x_wconf 81' lang='lat' dir='ltr'><strong>subeam</strong></span> <span class='ocrx_word' id='word_1_109' title='bbox 887 2358 1020 2426; x_wconf 88' lang='lat' dir='ltr'><strong>thoraca</strong></span> <span class='ocrx_word' id='word_1_110' title='bbox 1039 2356 1161 2426; x_wconf 84' lang='lat' dir='ltr'><strong>lacerti.</strong></span> 
     </span>
    </p>

    <p class='ocr_par' dir='ltr' id='par_1_17' title="bbox 331 2475 1177 2570">
     <span class='ocr_line' id='line_1_18' title="bbox 331 2475 1177 2570; baseline 0.001 -27"><span class='ocrx_word' id='word_1_111' title='bbox 331 2479 395 2544; x_wconf 87' lang='lat' dir='ltr'><strong>Seu</strong></span> <span class='ocrx_word' id='word_1_112' title='bbox 412 2500 528 2569; x_wconf 88' lang='lat' dir='ltr'><strong>campo</strong></span> <span class='ocrx_word' id='word_1_113' title='bbox 545 2475 644 2567; x_wconf 83' lang='lat' dir='ltr'><strong>pedes</strong></span> <span class='ocrx_word' id='word_1_114' title='bbox 663 2478 711 2544; x_wconf 85' lang='lat' dir='ltr'><strong>ire</strong></span> <span class='ocrx_word' id='word_1_115' title='bbox 728 2498 844 2568; x_wconf 84' lang='lat' dir='ltr'><strong>paras,</strong></span> <span class='ocrx_word' id='word_1_116' title='bbox 863 2490 912 2544; x_wconf 90' lang='lat' dir='ltr'><strong>est</strong></span> <span class='ocrx_word' id='word_1_117' title='bbox 930 2479 1059 2570; x_wconf 88' lang='lat' dir='ltr'><strong>agmina</strong></span> <span class='ocrx_word' id='word_1_118' title='bbox 1078 2500 1177 2570; x_wconf 81' lang='lat' dir='ltr'><strong>supra</strong></span> 
     </span>
    </p>
   </div>
   <div class='ocr_carea' id='block_1_3' title="bbox 330 2593 1334 3399">
    <p class='ocr_par' dir='ltr' id='par_1_18' title="bbox 331 2593 1139 2685">
     <span class='ocr_line' id='line_1_19' title="bbox 331 2593 1139 2685; baseline 0.001 -22"><span class='ocrx_word' id='word_1_119' title='bbox 331 2594 514 2663; x_wconf 85' lang='lat' dir='ltr'><strong>Nutaturus</strong></span> <span class='ocrx_word' id='word_1_120' title='bbox 530 2616 632 2685; x_wconf 86' lang='lat' dir='ltr'><strong>apex;</strong></span> <span class='ocrx_word' id='word_1_121' title='bbox 653 2617 710 2660; x_wconf 87' lang='lat' dir='ltr'><strong>seu</strong></span> <span class='ocrx_word' id='word_1_122' title='bbox 726 2593 819 2660; x_wconf 82' lang='lat' dir='ltr'><strong>bena</strong></span> <span class='ocrx_word' id='word_1_123' title='bbox 836 2596 986 2662; x_wconf 82' lang='lat' dir='ltr'><strong>sonantia</strong></span> <span class='ocrx_word' id='word_1_124' title='bbox 1003 2594 1139 2681; x_wconf 47' lang='lat' dir='ltr'><strong>flectes}</strong></span> 
     </span>
    </p>

    <p class='ocr_par' dir='ltr' id='par_1_19' title="bbox 330 2688 1334 3399">
     <span class='ocr_line' id='line_1_20' title="bbox 330 2688 1187 2804; baseline 0.004 -26"><span class='ocrx_word' id='word_1_125' title='bbox 330 2714 456 2779; x_wconf 86' lang='lat' dir='ltr'><strong>Serviet</strong></span> <span class='ocrx_word' id='word_1_126' title='bbox 471 2736 565 2804; x_wconf 83' lang='lat' dir='ltr'><strong>asper</strong></span> <span class='ocrx_word' id='word_1_127' title='bbox 578 2736 692 2803; x_wconf 88' lang='lat' dir='ltr'><strong>equus.</strong></span> <span class='ocrx_word' id='word_1_128' title='bbox 711 2712 781 2781; x_wconf 83' lang='lat' dir='ltr'><strong>Nos</strong></span> <span class='ocrx_word' id='word_1_129' title='bbox 799 2712 882 2779; x_wconf 82' lang='lat' dir='ltr'><strong>facta</strong></span> <span class='ocrx_word' id='word_1_130' title='bbox 899 2711 1004 2780; x_wconf 84' lang='lat' dir='ltr'><strong>aliena</strong></span> <span class='ocrx_word' id='word_1_131' title='bbox 1020 2688 1187 2800; x_wconf 85' lang='lat' dir='ltr'><strong>canendo,</strong></span> 
     </span>
     <span class='ocr_line' id='line_1_21' title="bbox 334 2818 1266 2923; baseline 0.006 -28"><span class='ocrx_word' id='word_1_132' title='bbox 334 2820 506 2921; x_wconf 75' lang='lat' dir='ltr'><strong>vergimur</strong></span> <span class='ocrx_word' id='word_1_133' title='bbox 525 2831 559 2895; x_wconf 89' lang='lat' dir='ltr'><strong>in</strong></span> <span class='ocrx_word' id='word_1_134' title='bbox 577 2832 704 2898; x_wconf 90' lang='lat' dir='ltr'><strong>senium</strong></span> <span class='ocrx_word' id='word_1_135' title='bbox 720 2855 729 2896; x_wconf 76' lang='lat' dir='ltr'><em>z</em></span> <span class='ocrx_word' id='word_1_136' title='bbox 746 2832 887 2922; x_wconf 82' lang='lat' dir='ltr'><strong>propriis</strong></span> <span class='ocrx_word' id='word_1_137' title='bbox 906 2845 941 2897; x_wconf 89' lang='lat' dir='ltr'><strong>tn</strong></span> <span class='ocrx_word' id='word_1_138' title='bbox 959 2830 1096 2923; x_wconf 85' lang='lat' dir='ltr'><strong>pulcher</strong></span> <span class='ocrx_word' id='word_1_139' title='bbox 1111 2835 1146 2900; x_wconf 92' lang='lat' dir='ltr'><strong>in</strong></span> <span class='ocrx_word' id='word_1_140' title='bbox 1164 2818 1266 2901; x_wconf 68' lang='lat' dir='ltr'><strong>arinis</strong></span> 
     </span>
     <span class='ocr_line' id='line_1_22' title="bbox 331 2946 1209 3042; baseline 0.005 -28"><span class='ocrx_word' id='word_1_141' title='bbox 331 2951 406 3039; x_wconf 90' lang='lat' dir='ltr'><strong>Ipse</strong></span> <span class='ocrx_word' id='word_1_142' title='bbox 421 2946 568 3014; x_wconf 87' lang='lat' dir='ltr'><strong>canenda</strong></span> <span class='ocrx_word' id='word_1_143' title='bbox 585 2972 693 3040; x_wconf 87' lang='lat' dir='ltr'><strong>geres,</strong></span> <span class='ocrx_word' id='word_1_144' title='bbox 709 2950 885 3041; x_wconf 71' lang='lat' dir='ltr'><strong>patriaeque</strong></span> <span class='ocrx_word' id='word_1_145' title='bbox 904 2949 1051 3041; x_wconf 80' lang='lat' dir='ltr'><strong>exempla</strong></span> <span class='ocrx_word' id='word_1_146' title='bbox 1071 2951 1209 3042; x_wconf 84' lang='lat' dir='ltr'><strong>parabis.</strong></span> 
     </span>
     <span class='ocr_line' id='line_1_23' title="bbox 332 3064 1250 3161; baseline 0.008 -30"><span class='ocrx_word' id='word_1_147' title='bbox 332 3068 453 3157; x_wconf 88' lang='lat' dir='ltr'><strong>Magna</strong></span> <span class='ocrx_word' id='word_1_148' title='bbox 474 3079 585 3156; x_wconf 87' lang='lat' dir='ltr'><strong>pater,</strong></span> <span class='ocrx_word' id='word_1_149' title='bbox 606 3064 787 3159; x_wconf 88' lang='lat' dir='ltr'><strong>dignosque</strong></span> <span class='ocrx_word' id='word_1_150' title='bbox 805 3068 984 3137; x_wconf 89' lang='lat' dir='ltr'><strong>etiamnum</strong></span> <span class='ocrx_word' id='word_1_151' title='bbox 1003 3066 1138 3161; x_wconf 85' lang='lat' dir='ltr'><strong>belliger</strong></span> <span class='ocrx_word' id='word_1_152' title='bbox 1156 3083 1250 3138; x_wconf 82' lang='lat' dir='ltr'><strong>actus</strong></span> 
     </span>
     <span class='ocr_line' id='line_1_24' title="bbox 332 3184 1238 3279; baseline 0.008 -31"><span class='ocrx_word' id='word_1_153' title='bbox 332 3184 440 3249; x_wconf 89' lang='lat' dir='ltr'><strong>Poscit</strong></span> <span class='ocrx_word' id='word_1_154' title='bbox 459 3207 557 3267; x_wconf 88' lang='lat' dir='ltr'><strong>avus,</strong></span> <span class='ocrx_word' id='word_1_155' title='bbox 577 3198 770 3276; x_wconf 70' lang='lat' dir='ltr'><strong>praestatque</strong></span> <span class='ocrx_word' id='word_1_156' title='bbox 788 3184 877 3252; x_wconf 92' lang='lat' dir='ltr'><strong>domi</strong></span> <span class='ocrx_word' id='word_1_157' title='bbox 896 3187 1024 3254; x_wconf 88' lang='lat' dir='ltr'><strong>novisse</strong></span> <span class='ocrx_word' id='word_1_158' title='bbox 1044 3187 1238 3279; x_wconf 84' lang='lat' dir='ltr'><strong>triumphos.</strong></span> 
     </span>
     <span class='ocr_line' id='line_1_25' title="bbox 334 3302 1334 3399; baseline 0.007 -32"><span class='ocrx_word' id='word_1_159' title='bbox 334 3304 438 3393; x_wconf 89' lang='lat' dir='ltr'><strong>Surge</strong></span> <span class='ocrx_word' id='word_1_160' title='bbox 454 3302 613 3393; x_wconf 87' lang='lat' dir='ltr'><strong>agedum,</strong></span> <span class='ocrx_word' id='word_1_161' title='bbox 626 3305 846 3396; x_wconf 85' lang='lat' dir='ltr'><strong>juvenemque</strong></span> <span class='ocrx_word' id='word_1_162' title='bbox 862 3328 944 3396; x_wconf 85' lang='lat' dir='ltr'><strong>puer</strong></span> <span class='ocrx_word' id='word_1_163' title='bbox 960 3304 1126 3397; x_wconf 88' lang='lat' dir='ltr'><strong>deprende</strong></span> <span class='ocrx_word' id='word_1_164' title='bbox 1144 3321 1334 3399; x_wconf 90' lang='lat' dir='ltr'><strong>parentem,</strong></span> 
     </span>
    </p>
   </div>
   <div class='ocr_carea' id='block_1_4' title="bbox 333 3420 1248 4083">
    <p class='ocr_par' dir='ltr' id='par_1_20' title="bbox 335 3420 1093 3515">
     <span class='ocr_line' id='line_1_26' title="bbox 335 3420 1093 3515; baseline 0.007 -29"><span class='ocrx_word' id='word_1_165' title='bbox 335 3421 511 3486; x_wconf 87' lang='lat' dir='ltr'><strong>Stemmate</strong></span> <span class='ocrx_word' id='word_1_166' title='bbox 528 3434 675 3488; x_wconf 88' lang='lat' dir='ltr'><strong>materno</strong></span> <span class='ocrx_word' id='word_1_167' title='bbox 692 3420 788 3507; x_wconf 87' lang='lat' dir='ltr'><strong>felix,</strong></span> <span class='ocrx_word' id='word_1_168' title='bbox 807 3424 930 3491; x_wconf 84' lang='lat' dir='ltr'><strong>virtute</strong></span> <span class='ocrx_word' id='word_1_169' title='bbox 948 3437 1093 3515; x_wconf 88' lang='lat' dir='ltr'><strong>paterna.</strong></span> 
     </span>
    </p>

    <p class='ocr_par' dir='ltr' id='par_1_21' title="bbox 333 3535 1092 3631">
     <span class='ocr_line' id='line_1_27' title="bbox 333 3535 1092 3631; baseline 0.008 -29"><span class='ocrx_word' id='word_1_170' title='bbox 333 3539 404 3602; x_wconf 85' lang='lat' dir='ltr'><strong>lam</strong></span> <span class='ocrx_word' id='word_1_171' title='bbox 425 3549 455 3603; x_wconf 89' lang='lat' dir='ltr'><strong>te</strong></span> <span class='ocrx_word' id='word_1_172' title='bbox 475 3535 593 3603; x_wconf 90' lang='lat' dir='ltr'><strong>blanda</strong></span> <span class='ocrx_word' id='word_1_173' title='bbox 612 3539 685 3605; x_wconf 89' lang='lat' dir='ltr'><strong>sinu</strong></span> <span class='ocrx_word' id='word_1_174' title='bbox 703 3542 804 3631; x_wconf 83' lang='lat' dir='ltr'><strong>Tyrio</strong></span> <span class='ocrx_word' id='word_1_175' title='bbox 822 3541 883 3608; x_wconf 88' lang='lat' dir='ltr'><strong>sibi</strong></span> <span class='ocrx_word' id='word_1_176' title='bbox 898 3543 999 3609; x_wconf 85' lang='lat' dir='ltr'><strong>Curia</strong></span> <span class='ocrx_word' id='word_1_177' title='bbox 1017 3541 1092 3608; x_wconf 80' lang='lat' dir='ltr'><strong>felix</strong></span> 
     </span>
    </p>

    <p class='ocr_par' dir='ltr' id='par_1_22' title="bbox 335 3652 1248 3864">
     <span class='ocr_line' id='line_1_28' title="bbox 335 3652 1188 3752; baseline 0.002 -32"><span class='ocrx_word' id='word_1_178' title='bbox 335 3652 478 3737; x_wconf 88' lang='lat' dir='ltr'><strong>Educat,</strong></span> <span class='ocrx_word' id='word_1_179' title='bbox 500 3668 532 3720; x_wconf 91' lang='lat' dir='ltr'><strong>ct</strong></span> <span class='ocrx_word' id='word_1_180' title='bbox 549 3669 681 3723; x_wconf 86' lang='lat' dir='ltr'><strong>cunctas</strong></span> <span class='ocrx_word' id='word_1_181' title='bbox 700 3659 821 3750; x_wconf 89' lang='lat' dir='ltr'><strong>gaudet</strong></span> <span class='ocrx_word' id='word_1_182' title='bbox 839 3658 1001 3752; x_wconf 90' lang='lat' dir='ltr'><strong>spondere</strong></span> <span class='ocrx_word' id='word_1_183' title='bbox 1019 3656 1188 3727; x_wconf 77' lang='lat' dir='ltr'><strong>curules.»</strong></span> 
     </span>
     <span class='ocr_line' id='line_1_29' title="bbox 381 3773 1248 3864; baseline 0.012 -28"><span class='ocrx_word' id='word_1_184' title='bbox 381 3774 457 3837; x_wconf 85' lang='lat' dir='ltr'><strong>Haec</strong></span> <span class='ocrx_word' id='word_1_185' title='bbox 475 3796 536 3864; x_wconf 91' lang='lat' dir='ltr'><strong>ego</strong></span> <span class='ocrx_word' id='word_1_186' title='bbox 553 3773 748 3843; x_wconf 88' lang='lat' dir='ltr'><strong>Chalcidicis</strong></span> <span class='ocrx_word' id='word_1_187' title='bbox 767 3778 808 3844; x_wconf 82' lang='lat' dir='ltr'><strong>ad</strong></span> <span class='ocrx_word' id='word_1_188' title='bbox 827 3792 878 3863; x_wconf 83' lang='lat' dir='ltr'><strong>te,</strong></span> <span class='ocrx_word' id='word_1_189' title='bbox 898 3776 1071 3862; x_wconf 84' lang='lat' dir='ltr'><strong>Marcelle,</strong></span> <span class='ocrx_word' id='word_1_190' title='bbox 1090 3779 1248 3847; x_wconf 84' lang='lat' dir='ltr'><strong>sonabam</strong></span> 
     </span>
    </p>

    <p class='ocr_par' dir='ltr' id='par_1_23' title="bbox 336 3878 1098 3989">
     <span class='ocr_line' id='line_1_30' title="bbox 336 3878 1098 3989; baseline 0.012 -35"><span class='ocrx_word' id='word_1_191' title='bbox 336 3890 518 3974; x_wconf 86' lang='lat' dir='ltr'><strong>Litoribus,</strong></span> <span class='ocrx_word' id='word_1_192' title='bbox 536 3890 654 3961; x_wconf 76' lang='lat' dir='ltr'><strong>hactus</strong></span> <span class='ocrx_word' id='word_1_193' title='bbox 671 3895 727 3962; x_wconf 94' lang='lat' dir='ltr'><strong>ubi</strong></span> <span class='ocrx_word' id='word_1_194' title='bbox 747 3897 886 3964; x_wconf 87' lang='lat' dir='ltr'><strong>Vesbius</strong></span> <span class='ocrx_word' id='word_1_195' title='bbox 902 3878 999 3989; x_wconf 80' lang='lat' dir='ltr'><strong>erigit</strong></span> <span class='ocrx_word' id='word_1_196' title='bbox 1017 3899 1098 3980; x_wconf 83' lang='lat' dir='ltr'><strong>iras,</strong></span> 
     </span>
    </p>

    <p class='ocr_par' dir='ltr' id='par_1_24' title="bbox 335 4007 1133 4083">
     <span class='ocr_line' id='line_1_31' title="bbox 335 4007 1133 4083; baseline 0.008 -9"><span class='ocrx_word' id='word_1_197' title='bbox 335 4007 463 4076; x_wconf 82' lang='lat' dir='ltr'><strong>AEmula</strong></span> <span class='ocrx_word' id='word_1_198' title='bbox 479 4010 655 4080; x_wconf 83' lang='lat' dir='ltr'><strong>Trinacriis</strong></span> <span class='ocrx_word' id='word_1_199' title='bbox 671 4011 804 4082; x_wconf 79' lang='lat' dir='ltr'><strong>volvens</strong></span> <span class='ocrx_word' id='word_1_200' title='bbox 820 4013 970 4083; x_wconf 80' lang='lat' dir='ltr'><strong>incendia</strong></span> <span class='ocrx_word' id='word_1_201' title='bbox 985 4014 1133 4082; x_wconf 83' lang='lat' dir='ltr'><strong>flammis.</strong></span> 
     </span>
    </p>
   </div>
   <div class='ocr_carea' id='block_1_5' title="bbox 0 0 1421 5258">
    <p class='ocr_par' dir='ltr' id='par_1_25' title="bbox 0 0 1421 5258">
     <span class='ocr_line' id='line_1_32' title="bbox 0 0 1421 5258; baseline 0 0"><span class='ocrx_word' id='word_1_202' title='bbox 0 0 1421 5258; x_wconf 95' lang='lat' dir='ltr'><strong> </strong></span> 
     </span>
    </p>
   </div>
  </div>
 </body>
</html>
