2812 5258
185 505 218 563 (v.
233 502 303 564 205.)
480 492 732 552 acfflnnmuos
751 487 861 544 LIBER
881 489 919 543 11.
1156 484 1212 560 ²89

186 630 257 695 Jam
272 623 421 718 clypeus,
437 622 633 712 breviorque
651 640 753 686 manu
771 613 979 682 consumitur
997 610 1106 697 hasta,

187 746 300 839 (Mira
314 740 410 834 fides)
422 740 640 832 Ithacumque
654 736 800 805 humeris
815 732 969 801 excedere
987 732 1093 817 visus,

188 862 401 953 AEtolumque
417 859 533 929 ducem
550 884 558 926 ε
575 872 704 927 tantum
721 856 829 926 subita
848 878 958 940 arma,
976 849 1130 943 calorque

188 984 329 1052 Martius
347 979 513 1050 horrenda
531 976 705 1048 confundit
719 974 792 1043 luce
810 969 962 1068 penates!

188 1104 410 1197 immanisque
428 1100 551 1196 gradu,
569 1122 629 1166 ceu
644 1097 794 1189 protinus
814 1095 957 1161 Hectora
970 1116 1124 1186 poscens,

189 1226 261 1292 Stat
276 1221 404 1291 medius
422 1217 609 1313 trepidante
624 1216 733 1285 domo.
749 1211 856 1283 Peleia
871 1214 966 1308 virgo

190 1344 374 1430 Quaeritur.
391 1343 450 1407 Ast
465 1337 529 1406 alia
543 1334 718 1431 plangebat
733 1349 825 1430 parte
842 1347 982 1402 retectos

191 1460 365 1529 Deidamia
381 1457 491 1546 dolos,
504 1458 599 1551 cujus
614 1481 715 1551 quum
730 1454 868 1551 grandia
884 1455 1028 1548 primum

191 1582 368 1666 Lamenta,
389 1594 423 1647 et
444 1594 537 1649 notas
558 1578 684 1671 accepit
703 1591 836 1671 pectore
858 1598 973 1662 voces,

192 1701 306 1785 Haesit,
330 1714 363 1768 et
377 1697 510 1769 occulto
533 1700 638 1768 virtus
660 1699 800 1768 infracta
818 1696 928 1767 calore
947 1712 1005 1767 est

193 1820 342 1887 Dimittit
358 1818 525 1913 clypeum,
546 1819 698 1913 regisque
713 1817 755 1887 ad
769 1816 895 1886 lumina
910 1840 1038 1903 versus,

193 1940 382 2007 Attonitum
397 1938 487 2023 fatis,
504 1939 707 2033 inopinaque
727 1953 876 2005 monstra
894 1950 1084 2030 paventem,

193 2059 284 2126 Sicut
303 2074 389 2145 erat,
411 2057 527 2126 mediis
543 2056 761 2151 Lycomedem
779 2055 900 2124 affatur
920 2055 1093 2123 inarmis:

244 2205 261 2239 α
281 2180 337 2246 Me
353 2177 430 2263 tihi,
446 2200 522 2245 care
537 2191 642 2271 pater,
657 2175 796 2245 dubium
811 2175 941 2244 dimitte
954 2174 1122 2253 timorem,

196 2298 253 2365 Me
269 2296 383 2365 Thetis
397 2295 483 2366 alma
498 2296 588 2366 dedit
603 2323 610 2365 :
627 2313 659 2366 te
673 2297 800 2392 pridem
815 2312 906 2367 tanta
919 2294 1073 2365 manebat

196 2415 314 2485 Gloria
331 2442 340 2483 ε
359 2417 532 2509 quaesitum
545 2419 669 2486 Danais
684 2432 720 2486 tu
741 2418 844 2485 mittis
857 2415 1034 2502 Achillem,

198 2537 333 2606 Gratior
346 2549 379 2605 et
392 2560 531 2630 magno,
545 2537 572 2606 si
588 2536 635 2606 fas
650 2537 785 2624 dixisse,
801 2551 955 2630 parente,

199 2661 242 2726 Et
255 2656 343 2726 dulci
356 2656 503 2727 Chirone
513 2657 595 2725 mihi
617 2640 628 2724 Ξ
645 2656 702 2725 sed
718 2657 820 2725 corda
837 2680 1015 2749 parumper

198 2780 272 2845 Huc
286 2774 418 2845 adverte
433 2774 556 2865 libens,
570 2789 669 2869 atque
682 2774 741 2843 has
755 2775 861 2843 bonus
875 2776 986 2868 accipe
998 2797 1105 2842 voces.

199 2900 246 2965 Te
261 2895 377 2965 Peleus
390 2913 467 2965 nato
485 2921 651 2982 socerum,
672 2909 706 2963 et
719 2895 832 2963 Thetis
848 2895 979 2989 hospita
990 2895 1152 2988 jungunt,

203 3015 418 3110 allegantque
433 3040 508 3084 suos
524 3031 665 3108 utreque
681 3040 700 3083 a
716 3016 877 3109 sanguine
894 3017 1008 3084 Divos.

205 3141 316 3207 Unam
333 3137 480 3230 virgineo
498 3150 651 3204 natarum
666 3161 706 3208 ex
721 3137 851 3231 agmine
870 3150 1019 3230 poscunt.

205 3254 341 3326 Dasne?
359 3279 402 3324 an
419 3279 479 3323 nos
497 3252 639 3325 humiles
656 3256 716 3323 tihi
736 3255 977 3351 degeneresque
994 3253 1173 3323 videmur?

204 3378 282 3445 Non
299 3376 411 3445 renuis
429 3400 438 3443 t
452 3374 556 3470 junge
573 3399 653 3472 ergo
673 3401 809 3465 manus,
829 3392 863 3445 et
879 3377 1016 3471 concipe
1034 3372 1160 3463 foedus,

207 3500 314 3589 Atque
330 3497 463 3591 ignosce
478 3496 544 3566 tuis
562 3522 570 3565 :
592 3498 693 3567 tacito
706 3499 775 3592 jam
792 3498 923 3592 cognita
943 3496 1038 3572 huo.

205 3616 376 3685 Deidamia
394 3619 476 3688 mihi
495 3644 504 3686 ε
524 3619 599 3712 quis
618 3621 705 3689 enim
724 3619 777 3686 his
792 3619 922 3688 obstare
939 3617 1089 3708 lacertis,

206 3738 290 3825 Quae
308 3740 416 3831 potuit
436 3753 564 3807 nostras
583 3762 731 3832 possessa
747 3736 885 3809 evadere
904 3740 1075 3809 flammas?

206 3861 264 3926 Me
283 3854 374 3924 luere
393 3859 454 3926 ista
472 3857 552 3950 jube
572 3883 580 3924 ε
600 3881 689 3951 pono
709 3881 815 3946 amun,
836 3873 869 3928 et
888 3858 990 3928 reddo
1011 3858 1172 3953 Pelasgis,

206 3984 249 4049 Et
265 4002 383 4048 maneo
401 4003 409 4044 :
428 3976 508 4069 quid
527 3978 619 4045 triste
635 3977 769 4047 fremis?
786 3977 868 4072 quid
887 3977 1015 4047 lumina
1033 3977 1168 4047 mutas?

205 4105 277 4170 lam
293 4124 386 4169 socer
403 4122 438 4167 es
452 4096 581 4192 (natum
600 4112 676 4166 ante
692 4094 792 4191 pedes
807 4096 963 4190 projecit,
981 4110 1016 4165 et
1032 4094 1139 4183 addit)
1154 4120 1163 4163 τ

352 4246 386 4291 ΙΙ.
1063 4241 1103 4313 19
