2812 5258
53 415 86 476 tv·
103 414 175 477 ηδ.)
363 414 575 471 munimus
595 415 706 470 LIBER
725 415 775 468 vt.
1055 416 1089 472 61

51 539 197 625 Cadme,
212 538 345 620 domus3
359 538 470 608 nullus
484 541 584 632 Tyrio
599 563 699 634 grege
714 537 884 632 plangitur
901 539 1020 610 infans.

30 661 220 729 ,Primitias
234 671 363 752 egomet
376 657 612 753 lacrymarum,
629 673 663 726 et
680 656 775 726 caedis
791 658 917 726 acerbae

51 782 141 879 Ante
157 779 251 846 tubas
266 778 456 871 ferrumque
471 779 547 864 tuli,
563 779 643 846 dum
658 777 768 846 deside
781 803 860 847 cura

52 897 163 968 Credo
177 900 268 965 sinus
283 897 367 965 fidos
382 897 520 982 altricis,
537 913 570 966 et
585 898 686 967 ubera
700 897 833 966 mando.

53 1018 183 1106 Quidni
197 1018 279 1112 ego?
294 1019 451 1087 narrabat
464 1034 631 1087 servatum
648 1019 764 1087 fraude
778 1034 966 1114 parentem,

53 1141 272 1231 lnsontesque
287 1162 403 1207 manus
419 1164 427 1205 :
441 1135 497 1206 en!
514 1163 614 1230 quam
629 1137 729 1207 ferale
744 1157 898 1233 putemus

49 1250 234 1351 'Abjurassc
255 1283 405 1343 sacrum,
426 1273 460 1325 et
478 1261 596 1325 Lemni
618 1257 796 1352 gentilibus
814 1284 914 1326 unam

56 1382 243 1447 Immunem
261 1377 358 1445 furiis
377 1403 385 1443 τ
404 1377 473 1446 haec
491 1374 563 1463 illa,
584 1393 618 1446 et
638 1378 771 1446 creditis
792 1376 901 1445 ausae?

58 1501 135 1566 llaec
153 1498 275 1590 pietate
292 1495 430 1590 potens?
447 1495 525 1565 solis
543 1497 664 1591 abjecit
682 1498 715 1565 in
731 1498 819 1566 arvis

58 1616 137 1684 Non
155 1641 284 1710 regem,
303 1614 531 1704 dominumve,
552 1615 676 1687 alienos
697 1617 798 1710 impia
819 1632 950 1709 partus,

58 1738 131 1803 lloc
155 1749 299 1823 tantum,
319 1734 473 1829 silvaeque
493 1737 622 1806 infamis
643 1739 773 1806 tramite
791 1737 906 1828 liquit,

59 1857 169 1945 Quem
180 1883 245 1925 non
253 1859 475 1950 anguisatrox
485 1856 581 1950 (quid
591 1859 679 1925 enim
688 1858 751 1925 hac
760 1857 924 1950 opus,hci
934 1856 1032 1942 mihi,
1043 1854 1098 1922 leti

59 1976 153 2047 Mole
172 1975 288 2066 fuist),
307 1989 436 2042 tantum
454 1974 528 2042 coeli
545 1974 723 2044 violentior
739 2000 836 2060 aura,

59 2093 282 2188 lmpulsaeque
298 2095 388 2162 Noto
404 2093 552 2181 frondes,
572 2119 748 2188 eassusque
763 2092 887 2163 valeret

62 2215 262 2283 Exanimare
279 2215 389 2281 timor.
408 2216 480 2283 Nec
498 2239 555 2284 vos
575 2216 738 2284 incessere
754 2213 845 2283 luctu

62 2333 155 2402 (trba
171 2331 278 2399 habeo
296 2357 304 2398 :
324 2331 423 2401 lixum
443 2336 541 2402 matri
559 2336 797 2428 immotumque
814 2332 970 2401 manebat

64 2456 134 2520 llac
151 2451 265 2520 altrice
282 2452 373 2521 nelas
391 2479 399 2521 :
419 2469 454 2523 at
471 2456 551 2548 quin
569 2468 603 2523 et
619 2453 760 2522 blandus
777 2453 821 2522 ad
837 2451 945 2539 illam,

64 2575 169 2659 Nate,
188 2575 310 2667 magis,
329 2573 433 2643 solam
451 2599 565 2661 nosse,
583 2590 680 2668 atque
700 2575 817 2644 audire
833 2586 1028 2658 vocantem,

64 2695 270 2786 Ignarusque
289 2695 353 2761 mei
372 2719 380 2760 ε
400 2693 491 2762 nulla
507 2719 547 2762 ex
565 2709 596 2762 te
614 2694 734 2788 gaudia
751 2695 867 2762 matri.¹

65 2810 126 2880 llla
144 2826 218 2880 tuos
237 2828 387 2906 questus,
409 2813 676 2908 lacrymososque
693 2813 794 2906 impia
812 2813 896 2879 risus

66 2931 194 3018 Audiit,
212 2946 245 3000 et
260 2936 351 3002 vocis
368 2933 532 3027 decerpsit
548 2957 719 3001 murmura
735 2934 850 3026 primae
867 2957 875 2999 ε

64 3050 127 3121 Illa
144 3052 204 3119 tibi
224 3055 364 3146 genitrix
383 3078 528 3149 semper,
548 3053 628 3122 dum
646 3055 713 3121 vita
731 3051 903 3138 manebat,

64 3173 166 3242 Nunc
184 3197 255 3267 ego.
273 3171 339 3242 Sed
356 3175 480 3242 miserae
497 3175 579 3243 mihi
598 3199 659 3242 nec
677 3175 795 3268 punire
812 3185 955 3266 potestas

66 3296 123 3364 Sic
142 3297 293 3364 meritam
312 3321 320 3362 ε
342 3295 423 3388 quid
440 3296 544 3383 dona,
559 3297 676 3381 duces,
693 3293 773 3389 quid
790 3294 902 3362 inania
919 3291 1010 3360 fertis

64 3418 161 3483 Iusta
181 3415 289 3509 rogis?
307 3415 413 3503 illam,
435 3414 481 3483 nil
498 3432 640 3509 poscunt
656 3415 797 3510 amplius
814 3413 960 3515 umbrae,

66 3533 179 3613 Illam,
199 3560 275 3620 oro,
295 3537 397 3604 cineri
416 3534 530 3622 simul,
550 3538 731 3630 excisaeque
750 3537 879 3629 parenti

66 3652 228 3735 Reddite,
243 3678 369 3744 quaeso,
385 3654 485 3725 duces
502 3681 510 3724 :
528 3680 590 3750 per
605 3681 666 3751 ego
681 3658 752 3725 haec
768 3653 949 3750 primordia
965 3651 1058 3734 belli,

67 3774 132 3842 Cui
148 3773 262 3865 peperi
282 3797 291 3838 ε
311 3775 358 3841 sic
376 3799 470 3868 aequa
488 3792 621 3870 gemant
636 3776 718 3845 mihi
738 3775 854 3844 lunera
870 3788 992 3842 matres

68 3893 218 3987 Ogygiae.
231 3922 247 3954 a
267 3893 393 3960 Sternit
408 3896 532 3982 crines,
549 3897 712 3988 iteratque
729 3893 912 3989 precando,

68 4009 239 4079 «Reddite
258 4037 266 4079 ε
287 4035 348 4079 uec
368 4035 448 4081 vero
467 4013 649 4102 crudelem,
669 4014 867 4106 avidamque
886 4025 1001 4078 vocate
