<?xml version="1.0" encoding="UTF-8"?>
<!DOCTYPE html PUBLIC "-//W3C//DTD XHTML 1.0 Transitional//EN"
    "http://www.w3.org/TR/xhtml1/DTD/xhtml1-transitional.dtd">
<html xmlns="http://www.w3.org/1999/xhtml" xml:lang="en" lang="en">
 <head>
  <title>
</title>
<meta http-equiv="Content-Type" content="text/html;charset=utf-8" />
  <meta name='ocr-system' content='tesseract 3.04.00' />
  <meta name='ocr-capabilities' content='ocr_page ocr_carea ocr_par ocr_line ocrx_word'/>
</head>
<body>
  <div class='ocr_page' id='page_1' title='image "./publiipapiniist01statgoog_0346.png"; bbox 0 0 2812 5258; ppageno 0'>
   <div class='ocr_carea' id='block_1_1' title="bbox 329 392 1360 612">
    <p class='ocr_par' dir='ltr' id='par_1_1' title="bbox 329 392 1360 612">
     <span class='ocr_line' id='line_1_1' title="bbox 330 392 1360 456; baseline -0.017 -1"><span class='ocrx_word' id='word_1_1' title='bbox 330 401 367 456; x_wconf 79' lang='lat'>50</span> <span class='ocrx_word' id='word_1_2' title='bbox 640 393 856 448; x_wconf 70' lang='lat' dir='ltr'>&#39;summos</span> <span class='ocrx_word' id='word_1_3' title='bbox 879 393 989 448; x_wconf 67' lang='grc' dir='ltr'>ΗΜ</span> <span class='ocrx_word' id='word_1_4' title='bbox 1008 393 1043 447; x_wconf 78' lang='lat' dir='ltr'>v.</span> <span class='ocrx_word' id='word_1_5' title='bbox 1250 392 1282 452; x_wconf 68' lang='lat' dir='ltr'>(v.</span> <span class='ocrx_word' id='word_1_6' title='bbox 1295 394 1360 453; x_wconf 57' lang='lat'>⁵9⁵)</span> 
     </span>
     <span class='ocr_line' id='line_1_2' title="bbox 329 517 1318 612; baseline -0.009 -19"><span class='ocrx_word' id='word_1_7' title='bbox 329 522 549 608; x_wconf 82' lang='lat' dir='ltr'>Incumbens,</span> <span class='ocrx_word' id='word_1_8' title='bbox 569 522 751 611; x_wconf 70' lang='lat' dir='ltr'>animaque</span> <span class='ocrx_word' id='word_1_9' title='bbox 772 519 885 612; x_wconf 76' lang='lat' dir='ltr'>lugam</span> <span class='ocrx_word' id='word_1_10' title='bbox 905 543 964 612; x_wconf 87' lang='lat' dir='ltr'>per</span> <span class='ocrx_word' id='word_1_11' title='bbox 983 517 1130 585; x_wconf 82' lang='lat' dir='ltr'>membra</span> <span class='ocrx_word' id='word_1_12' title='bbox 1151 531 1318 611; x_wconf 86' lang='lat' dir='ltr'>tepentem</span> 
     </span>
    </p>
   </div>
   <div class='ocr_carea' id='block_1_2' title="bbox 328 637 1312 2533">
    <p class='ocr_par' dir='ltr' id='par_1_2' title="bbox 328 637 1312 975">
     <span class='ocr_line' id='line_1_3' title="bbox 328 637 1268 733; baseline -0.007 -22"><span class='ocrx_word' id='word_1_13' title='bbox 328 645 458 733; x_wconf 68' lang='lat' dir='ltr'>Querit</span> <span class='ocrx_word' id='word_1_14' title='bbox 476 642 572 708; x_wconf 75' lang='lat' dir='ltr'>hians</span> <span class='ocrx_word' id='word_1_15' title='bbox 592 666 602 708; x_wconf 79' lang='lat' dir='ltr'>t</span> <span class='ocrx_word' id='word_1_16' title='bbox 622 664 691 707; x_wconf 89' lang='lat' dir='ltr'>non</span> <span class='ocrx_word' id='word_1_17' title='bbox 709 663 768 706; x_wconf 82' lang='lat' dir='ltr'>ora</span> <span class='ocrx_word' id='word_1_18' title='bbox 786 637 876 723; x_wconf 86' lang='lat' dir='ltr'>loco,</span> <span class='ocrx_word' id='word_1_19' title='bbox 894 663 961 706; x_wconf 88' lang='lat' dir='ltr'>non</span> <span class='ocrx_word' id='word_1_20' title='bbox 980 652 1118 732; x_wconf 78' lang='lat' dir='ltr'>pectora</span> <span class='ocrx_word' id='word_1_21' title='bbox 1135 651 1268 705; x_wconf 75' lang='lat' dir='ltr'>restant</span> 
     </span>
     <span class='ocr_line' id='line_1_4' title="bbox 329 756 1312 856; baseline -0.007 -25"><span class='ocrx_word' id='word_1_22' title='bbox 329 767 437 856; x_wconf 80' lang='lat' dir='ltr'>Rapta</span> <span class='ocrx_word' id='word_1_23' title='bbox 458 764 560 839; x_wconf 78' lang='lat' dir='ltr'>rutis,</span> <span class='ocrx_word' id='word_1_24' title='bbox 581 762 691 828; x_wconf 77' lang='lat' dir='ltr'>tenuia</span> <span class='ocrx_word' id='word_1_25' title='bbox 710 783 787 827; x_wconf 80' lang='lat' dir='ltr'>ossa</span> <span class='ocrx_word' id='word_1_26' title='bbox 805 773 937 852; x_wconf 76' lang='lat' dir='ltr'>patent,</span> <span class='ocrx_word' id='word_1_27' title='bbox 956 781 1124 850; x_wconf 77' lang='lat' dir='ltr'>nexusque</span> <span class='ocrx_word' id='word_1_28' title='bbox 1145 756 1312 825; x_wconf 81' lang='lat' dir='ltr'>madentes</span> 
     </span>
     <span class='ocr_line' id='line_1_5' title="bbox 331 877 1297 975; baseline -0.007 -23"><span class='ocrx_word' id='word_1_29' title='bbox 331 883 508 975; x_wconf 82' lang='lat' dir='ltr'>Sanguinis</span> <span class='ocrx_word' id='word_1_30' title='bbox 528 881 635 948; x_wconf 80' lang='lat' dir='ltr'>imbre</span> <span class='ocrx_word' id='word_1_31' title='bbox 651 882 749 964; x_wconf 82' lang='lat' dir='ltr'>novi,</span> <span class='ocrx_word' id='word_1_32' title='bbox 768 894 941 971; x_wconf 87' lang='lat' dir='ltr'>totumque</span> <span class='ocrx_word' id='word_1_33' title='bbox 960 881 995 947; x_wconf 87' lang='lat' dir='ltr'>iu</span> <span class='ocrx_word' id='word_1_34' title='bbox 1013 877 1149 946; x_wconf 79' lang='lat' dir='ltr'>vulnere</span> <span class='ocrx_word' id='word_1_35' title='bbox 1167 902 1297 971; x_wconf 81' lang='lat' dir='ltr'>corpus.</span> 
     </span>
    </p>

    <p class='ocr_par' dir='ltr' id='par_1_3' title="bbox 331 997 1277 1695">
     <span class='ocr_line' id='line_1_6' title="bbox 379 997 1186 1094; baseline -0.006 -24"><span class='ocrx_word' id='word_1_36' title='bbox 379 1007 427 1070; x_wconf 83' lang='lat' dir='ltr'>Ac</span> <span class='ocrx_word' id='word_1_37' title='bbox 448 998 537 1068; x_wconf 78' lang='lat' dir='ltr'>velut</span> <span class='ocrx_word' id='word_1_38' title='bbox 556 998 688 1094; x_wconf 71' lang='lat' dir='ltr'>aliger-e</span> <span class='ocrx_word' id='word_1_39' title='bbox 708 998 837 1084; x_wconf 62' lang='lat' dir='ltr'>seda,</span> <span class='ocrx_word' id='word_1_40' title='bbox 856 997 1020 1092; x_wconf 85' lang='lat' dir='ltr'>loetusque</span> <span class='ocrx_word' id='word_1_41' title='bbox 1040 1000 1186 1092; x_wconf 75' lang='lat' dir='ltr'>parentis</span> 
     </span>
     <span class='ocr_line' id='line_1_7' title="bbox 333 1119 1237 1216; baseline -0.004 -26"><span class='ocrx_word' id='word_1_42' title='bbox 333 1125 447 1210; x_wconf 84' lang='lat' dir='ltr'>Quum</span> <span class='ocrx_word' id='word_1_43' title='bbox 462 1125 559 1216; x_wconf 82' lang='lat' dir='ltr'>piger</span> <span class='ocrx_word' id='word_1_44' title='bbox 574 1122 731 1189; x_wconf 79' lang='lat' dir='ltr'>umbrosa</span> <span class='ocrx_word' id='word_1_45' title='bbox 747 1120 926 1214; x_wconf 78' lang='lat' dir='ltr'>populatus</span> <span class='ocrx_word' id='word_1_46' title='bbox 943 1123 977 1189; x_wconf 91' lang='lat' dir='ltr'>in</span> <span class='ocrx_word' id='word_1_47' title='bbox 996 1119 1069 1189; x_wconf 82' lang='lat' dir='ltr'>ilice</span> <span class='ocrx_word' id='word_1_48' title='bbox 1085 1145 1237 1213; x_wconf 80' lang='lat' dir='ltr'>serpens,</span> 
     </span>
     <span class='ocr_line' id='line_1_8' title="bbox 332 1241 1188 1335; baseline -0.004 -24"><span class='ocrx_word' id='word_1_49' title='bbox 332 1243 392 1312; x_wconf 88' lang='lat' dir='ltr'>llla</span> <span class='ocrx_word' id='word_1_50' title='bbox 412 1241 518 1325; x_wconf 75' lang='lat' dir='ltr'>redit,</span> <span class='ocrx_word' id='word_1_51' title='bbox 537 1241 749 1334; x_wconf 70' lang='lat' dir='ltr'>querulaque</span> <span class='ocrx_word' id='word_1_52' title='bbox 768 1241 888 1310; x_wconf 75' lang='lat' dir='ltr'>(lomus</span> <span class='ocrx_word' id='word_1_53' title='bbox 906 1244 1026 1310; x_wconf 75' lang='lat' dir='ltr'>miratu</span> <span class='ocrx_word' id='word_1_54' title='bbox 1044 1245 1188 1335; x_wconf 86' lang='lat' dir='ltr'>quietem</span> 
     </span>
     <span class='ocr_line' id='line_1_9' title="bbox 331 1360 1277 1456; baseline -0.002 -25"><span class='ocrx_word' id='word_1_55' title='bbox 331 1367 404 1432; x_wconf 79' lang='lat' dir='ltr'>Stat</span> <span class='ocrx_word' id='word_1_56' title='bbox 423 1360 749 1456; x_wconf 83' lang='lat' dir='ltr'>superimpendens,</span> <span class='ocrx_word' id='word_1_57' title='bbox 769 1361 991 1455; x_wconf 76' lang='lat' dir='ltr'>advectosque</span> <span class='ocrx_word' id='word_1_58' title='bbox 1007 1362 1143 1431; x_wconf 78' lang='lat' dir='ltr'>horrida</span> <span class='ocrx_word' id='word_1_59' title='bbox 1161 1378 1277 1429; x_wconf 86' lang='lat' dir='ltr'>moesto</span> 
     </span>
     <span class='ocr_line' id='line_1_10' title="bbox 331 1481 1193 1573; baseline 0.002 -23"><span class='ocrx_word' id='word_1_60' title='bbox 331 1486 464 1551; x_wconf 78' lang='lat' dir='ltr'>Excutit</span> <span class='ocrx_word' id='word_1_61' title='bbox 484 1507 542 1550; x_wconf 88' lang='lat' dir='ltr'>ore</span> <span class='ocrx_word' id='word_1_62' title='bbox 562 1482 672 1565; x_wconf 84' lang='lat' dir='ltr'>cibos;</span> <span class='ocrx_word' id='word_1_63' title='bbox 692 1505 794 1573; x_wconf 90' lang='lat' dir='ltr'>quum</span> <span class='ocrx_word' id='word_1_64' title='bbox 814 1481 903 1550; x_wconf 79' lang='lat' dir='ltr'>solus</span> <span class='ocrx_word' id='word_1_65' title='bbox 924 1485 958 1548; x_wconf 93' lang='lat' dir='ltr'>in</span> <span class='ocrx_word' id='word_1_66' title='bbox 977 1483 1096 1551; x_wconf 84' lang='lat' dir='ltr'>arbore</span> <span class='ocrx_word' id='word_1_67' title='bbox 1116 1509 1193 1552; x_wconf 81' lang='lat' dir='ltr'>mm</span> 
     </span>
     <span class='ocr_line' id='line_1_11' title="bbox 331 1599 1178 1695; baseline 0 -23"><span class='ocrx_word' id='word_1_68' title='bbox 331 1604 491 1695; x_wconf 83' lang='lat' dir='ltr'>Sanguis,</span> <span class='ocrx_word' id='word_1_69' title='bbox 508 1616 542 1668; x_wconf 91' lang='lat' dir='ltr'>et</span> <span class='ocrx_word' id='word_1_70' title='bbox 558 1616 705 1668; x_wconf 79' lang='lat' dir='ltr'>errantes</span> <span class='ocrx_word' id='word_1_71' title='bbox 722 1623 783 1693; x_wconf 87' lang='lat' dir='ltr'>per</span> <span class='ocrx_word' id='word_1_72' title='bbox 797 1615 892 1693; x_wconf 71' lang='lat' dir='ltr'>rupta</span> <span class='ocrx_word' id='word_1_73' title='bbox 910 1599 1031 1669; x_wconf 84' lang='lat' dir='ltr'>cubilia</span> <span class='ocrx_word' id='word_1_74' title='bbox 1049 1601 1178 1694; x_wconf 80' lang='lat' dir='ltr'>plumae.</span> 
     </span>
    </p>

    <p class='ocr_par' dir='ltr' id='par_1_4' title="bbox 332 1717 1197 2054">
     <span class='ocr_line' id='line_1_12' title="bbox 379 1717 1197 1814; baseline 0.001 -26"><span class='ocrx_word' id='word_1_75' title='bbox 379 1724 426 1788; x_wconf 94' lang='lat' dir='ltr'>Ut</span> <span class='ocrx_word' id='word_1_76' title='bbox 448 1719 573 1788; x_wconf 74' lang='lat' dir='ltr'>laceros</span> <span class='ocrx_word' id='word_1_77' title='bbox 593 1735 685 1788; x_wconf 82' lang='lat' dir='ltr'>artus</span> <span class='ocrx_word' id='word_1_78' title='bbox 705 1721 832 1813; x_wconf 78' lang='lat' dir='ltr'>gremio</span> <span class='ocrx_word' id='word_1_79' title='bbox 850 1717 1038 1787; x_wconf 79' lang='lat' dir='ltr'>miseranda</span> <span class='ocrx_word' id='word_1_80' title='bbox 1056 1725 1197 1814; x_wconf 87' lang='lat' dir='ltr'>recepit,</span> 
     </span>
     <span class='ocr_line' id='line_1_13' title="bbox 332 1836 1058 1932; baseline -0.001 -23"><span class='ocrx_word' id='word_1_81' title='bbox 332 1843 517 1932; x_wconf 78' lang='lat' dir='ltr'>intexitque</span> <span class='ocrx_word' id='word_1_82' title='bbox 533 1840 652 1923; x_wconf 78' lang='lat' dir='ltr'>comis,</span> <span class='ocrx_word' id='word_1_83' title='bbox 670 1837 803 1906; x_wconf 83' lang='lat' dir='ltr'>tandem</span> <span class='ocrx_word' id='word_1_84' title='bbox 820 1836 929 1906; x_wconf 80' lang='lat' dir='ltr'>laxata</span> <span class='ocrx_word' id='word_1_85' title='bbox 943 1837 1058 1908; x_wconf 87' lang='lat' dir='ltr'>dolore</span> 
     </span>
     <span class='ocr_line' id='line_1_14' title="bbox 338 1961 1187 2054; baseline 0.001 -25"><span class='ocrx_word' id='word_1_86' title='bbox 338 1966 407 2029; x_wconf 85' lang='lat' dir='ltr'>Vox</span> <span class='ocrx_word' id='word_1_87' title='bbox 424 1964 549 2030; x_wconf 85' lang='lat' dir='ltr'>invenit</span> <span class='ocrx_word' id='word_1_88' title='bbox 565 1964 643 2046; x_wconf 85' lang='lat' dir='ltr'>iter,</span> <span class='ocrx_word' id='word_1_89' title='bbox 658 1961 865 2054; x_wconf 82' lang='lat' dir='ltr'>gemitusque</span> <span class='ocrx_word' id='word_1_90' title='bbox 880 1961 914 2026; x_wconf 91' lang='lat' dir='ltr'>in</span> <span class='ocrx_word' id='word_1_91' title='bbox 931 1962 1032 2030; x_wconf 88' lang='lat' dir='ltr'>verba</span> <span class='ocrx_word' id='word_1_92' title='bbox 1045 1961 1143 2032; x_wconf 91' lang='lat' dir='ltr'>soluti</span> <span class='ocrx_word' id='word_1_93' title='bbox 1159 1990 1187 2030; x_wconf 78' lang='lat' dir='ltr'>t·</span> 
     </span>
    </p>

    <p class='ocr_par' dir='ltr' id='par_1_5' title="bbox 332 2079 1247 2533">
     <span class='ocr_line' id='line_1_15' title="bbox 381 2079 1141 2176; baseline 0.007 -31"><span class='ocrx_word' id='word_1_94' title='bbox 381 2114 396 2145; x_wconf 85' lang='lat'>«</span> <span class='ocrx_word' id='word_1_95' title='bbox 410 2087 441 2151; x_wconf 92' lang='grc' dir='ltr'><strong>Ο</strong></span> <span class='ocrx_word' id='word_1_96' title='bbox 459 2084 539 2150; x_wconf 82' lang='lat' dir='ltr'>inihi</span> <span class='ocrx_word' id='word_1_97' title='bbox 560 2081 694 2149; x_wconf 67' lang='lat' dir='ltr'>deserte</span> <span class='ocrx_word' id='word_1_98' title='bbox 714 2093 869 2147; x_wconf 78' lang='lat' dir='ltr'>natorum</span> <span class='ocrx_word' id='word_1_99' title='bbox 890 2079 995 2149; x_wconf 89' lang='lat' dir='ltr'>dulcis</span> <span class='ocrx_word' id='word_1_100' title='bbox 1014 2084 1141 2176; x_wconf 74' lang='lat' dir='ltr'>imago,</span> 
     </span>
     <span class='ocr_line' id='line_1_16' title="bbox 334 2201 1247 2291; baseline -0.003 -22"><span class='ocrx_word' id='word_1_101' title='bbox 334 2203 534 2270; x_wconf 73' lang='lat' dir='ltr'>Archemore</span> <span class='ocrx_word' id='word_1_102' title='bbox 554 2229 561 2267; x_wconf 92' lang='lat'>:</span> <span class='ocrx_word' id='word_1_103' title='bbox 580 2225 601 2268; x_wconf 93' lang='lat' dir='ltr'>o</span> <span class='ocrx_word' id='word_1_104' title='bbox 621 2224 731 2268; x_wconf 89' lang='lat' dir='ltr'>rerum</span> <span class='ocrx_word' id='word_1_105' title='bbox 748 2213 781 2266; x_wconf 92' lang='lat' dir='ltr'>et</span> <span class='ocrx_word' id='word_1_106' title='bbox 799 2202 913 2291; x_wconf 73' lang='lat' dir='ltr'>patriae</span> <span class='ocrx_word' id='word_1_107' title='bbox 930 2201 1078 2269; x_wconf 87' lang='lat' dir='ltr'>solamen</span> <span class='ocrx_word' id='word_1_108' title='bbox 1095 2202 1247 2282; x_wconf 83' lang='lat' dir='ltr'>ademtae,</span> 
     </span>
     <span class='ocr_line' id='line_1_17' title="bbox 333 2319 1180 2414; baseline -0.001 -25"><span class='ocrx_word' id='word_1_109' title='bbox 333 2322 531 2412; x_wconf 86' lang='lat' dir='ltr'>Servitiique</span> <span class='ocrx_word' id='word_1_110' title='bbox 546 2319 663 2403; x_wconf 85' lang='lat' dir='ltr'>decus,</span> <span class='ocrx_word' id='word_1_111' title='bbox 680 2321 737 2411; x_wconf 89' lang='lat' dir='ltr'>qui</span> <span class='ocrx_word' id='word_1_112' title='bbox 755 2333 805 2404; x_wconf 85' lang='lat' dir='ltr'>te,</span> <span class='ocrx_word' id='word_1_113' title='bbox 821 2344 893 2387; x_wconf 82' lang='lat' dir='ltr'>men</span> <span class='ocrx_word' id='word_1_114' title='bbox 911 2320 1051 2414; x_wconf 81' lang='lat' dir='ltr'>gaudia,</span> <span class='ocrx_word' id='word_1_115' title='bbox 1071 2336 1180 2389; x_wconf 88' lang='lat' dir='ltr'>sontes</span> 
     </span>
     <span class='ocr_line' id='line_1_18' title="bbox 332 2435 1171 2533; baseline 0.001 -26"><span class='ocrx_word' id='word_1_116' title='bbox 332 2439 527 2508; x_wconf 81' lang='lat' dir='ltr'>Exstinxere</span> <span class='ocrx_word' id='word_1_117' title='bbox 546 2435 630 2506; x_wconf 82' lang='lat' dir='ltr'>Dei?</span> <span class='ocrx_word' id='word_1_118' title='bbox 648 2437 749 2506; x_wconf 88' lang='lat' dir='ltr'>modo</span> <span class='ocrx_word' id='word_1_119' title='bbox 770 2463 868 2531; x_wconf 87' lang='lat' dir='ltr'>quem</span> <span class='ocrx_word' id='word_1_120' title='bbox 888 2438 1036 2533; x_wconf 82' lang='lat' dir='ltr'>digressa</span> <span class='ocrx_word' id='word_1_121' title='bbox 1054 2439 1171 2533; x_wconf 79' lang='lat' dir='ltr'>reliqui</span> 
     </span>
    </p>
   </div>
   <div class='ocr_carea' id='block_1_3' title="bbox 332 2562 1180 2654">
    <p class='ocr_par' dir='ltr' id='par_1_6' title="bbox 332 2562 1180 2654">
     <span class='ocr_line' id='line_1_19' title="bbox 332 2562 1180 2654; baseline -0.004 -23"><span class='ocrx_word' id='word_1_122' title='bbox 332 2562 507 2631; x_wconf 74' lang='lat' dir='ltr'>Inscivum</span> <span class='ocrx_word' id='word_1_123' title='bbox 522 2574 556 2627; x_wconf 93' lang='lat' dir='ltr'>et</span> <span class='ocrx_word' id='word_1_124' title='bbox 574 2582 682 2651; x_wconf 87' lang='lat' dir='ltr'>prono</span> <span class='ocrx_word' id='word_1_125' title='bbox 702 2573 874 2628; x_wconf 79' lang='lat' dir='ltr'>vexantem</span> <span class='ocrx_word' id='word_1_126' title='bbox 893 2563 1045 2654; x_wconf 83' lang='lat' dir='ltr'>gramina</span> <span class='ocrx_word' id='word_1_127' title='bbox 1060 2562 1180 2629; x_wconf 79' lang='lat' dir='ltr'>eursu?</span> 
     </span>
    </p>
   </div>
   <div class='ocr_carea' id='block_1_4' title="bbox 333 2677 1347 4095">
    <p class='ocr_par' dir='ltr' id='par_1_7' title="bbox 333 2677 1236 3260">
     <span class='ocr_line' id='line_1_20' title="bbox 333 2677 1104 2777; baseline 0.004 -27"><span class='ocrx_word' id='word_1_128' title='bbox 333 2685 407 2750; x_wconf 81' lang='lat' dir='ltr'>ileu</span> <span class='ocrx_word' id='word_1_129' title='bbox 428 2681 485 2748; x_wconf 92' lang='lat' dir='ltr'>ubi</span> <span class='ocrx_word' id='word_1_130' title='bbox 506 2678 622 2748; x_wconf 86' lang='lat' dir='ltr'>siderei</span> <span class='ocrx_word' id='word_1_131' title='bbox 641 2677 772 2748; x_wconf 78' lang='lat' dir='ltr'>vultus?</span> <span class='ocrx_word' id='word_1_132' title='bbox 793 2681 850 2748; x_wconf 90' lang='lat' dir='ltr'>ubi</span> <span class='ocrx_word' id='word_1_133' title='bbox 870 2681 973 2751; x_wconf 82' lang='lat' dir='ltr'>verba</span> <span class='ocrx_word' id='word_1_134' title='bbox 993 2681 1104 2777; x_wconf 83' lang='lat' dir='ltr'>ligatis</span> 
     </span>
     <span class='ocr_line' id='line_1_21' title="bbox 335 2799 1154 2897; baseline 0.002 -27"><span class='ocrx_word' id='word_1_135' title='bbox 335 2801 532 2897; x_wconf 79' lang='lat' dir='ltr'>{inperfecta</span> <span class='ocrx_word' id='word_1_136' title='bbox 550 2799 663 2870; x_wconf 76' lang='lat' dir='ltr'>sonis?</span> <span class='ocrx_word' id='word_1_137' title='bbox 682 2801 835 2894; x_wconf 80' lang='lat' dir='ltr'>risusque</span> <span class='ocrx_word' id='word_1_138' title='bbox 853 2817 886 2869; x_wconf 92' lang='lat' dir='ltr'>et</span> <span class='ocrx_word' id='word_1_139' title='bbox 904 2820 1076 2872; x_wconf 75' lang='lat' dir='ltr'>murmura</span> <span class='ocrx_word' id='word_1_140' title='bbox 1094 2804 1154 2873; x_wconf 90' lang='lat' dir='ltr'>soli</span> 
     </span>
     <span class='ocr_line' id='line_1_22' title="bbox 335 2921 1208 3019; baseline 0.002 -28"><span class='ocrx_word' id='word_1_141' title='bbox 335 2921 504 2991; x_wconf 84' lang='lat' dir='ltr'>Intellecta</span> <span class='ocrx_word' id='word_1_142' title='bbox 522 2921 627 2990; x_wconf 82' lang='lat' dir='ltr'>mihil</span> <span class='ocrx_word' id='word_1_143' title='bbox 645 2922 774 3014; x_wconf 88' lang='lat' dir='ltr'>quoties</span> <span class='ocrx_word' id='word_1_144' title='bbox 795 2921 856 2990; x_wconf 92' lang='lat' dir='ltr'>tibi</span> <span class='ocrx_word' id='word_1_145' title='bbox 874 2926 1045 3008; x_wconf 84' lang='lat' dir='ltr'>Lemnon,</span> <span class='ocrx_word' id='word_1_146' title='bbox 1065 2940 1099 2993; x_wconf 90' lang='lat' dir='ltr'>et</span> <span class='ocrx_word' id='word_1_147' title='bbox 1119 2931 1208 3019; x_wconf 83' lang='lat' dir='ltr'>Argo</span> 
     </span>
     <span class='ocr_line' id='line_1_23' title="bbox 335 3039 1236 3138; baseline 0.003 -29"><span class='ocrx_word' id='word_1_148' title='bbox 335 3045 433 3110; x_wconf 77' lang='lat' dir='ltr'>Sueto</span> <span class='ocrx_word' id='word_1_149' title='bbox 453 3039 562 3134; x_wconf 85' lang='lat' dir='ltr'>loqui,</span> <span class='ocrx_word' id='word_1_150' title='bbox 584 3055 618 3108; x_wconf 90' lang='lat' dir='ltr'>et</span> <span class='ocrx_word' id='word_1_151' title='bbox 635 3040 733 3136; x_wconf 84' lang='lat' dir='ltr'>longa</span> <span class='ocrx_word' id='word_1_152' title='bbox 752 3067 905 3110; x_wconf 87' lang='lat' dir='ltr'>somnum</span> <span class='ocrx_word' id='word_1_153' title='bbox 925 3043 1062 3114; x_wconf 87' lang='lat' dir='ltr'>suadere</span> <span class='ocrx_word' id='word_1_154' title='bbox 1082 3045 1236 3138; x_wconf 77' lang='lat' dir='ltr'>querela?</span> 
     </span>
     <span class='ocr_line' id='line_1_24' title="bbox 336 3160 1145 3260; baseline 0.006 -31"><span class='ocrx_word' id='word_1_155' title='bbox 336 3163 390 3229; x_wconf 90' lang='lat' dir='ltr'>Sic</span> <span class='ocrx_word' id='word_1_156' title='bbox 409 3162 562 3254; x_wconf 84' lang='lat' dir='ltr'>equidem</span> <span class='ocrx_word' id='word_1_157' title='bbox 580 3160 688 3230; x_wconf 88' lang='lat' dir='ltr'>luctus</span> <span class='ocrx_word' id='word_1_158' title='bbox 705 3161 853 3249; x_wconf 78' lang='lat' dir='ltr'>solabor,</span> <span class='ocrx_word' id='word_1_159' title='bbox 871 3177 905 3232; x_wconf 92' lang='lat' dir='ltr'>et</span> <span class='ocrx_word' id='word_1_160' title='bbox 923 3164 1024 3234; x_wconf 86' lang='lat' dir='ltr'>ubera</span> <span class='ocrx_word' id='word_1_161' title='bbox 1040 3191 1145 3260; x_wconf 82' lang='lat' dir='ltr'>parvo</span> 
     </span>
    </p>

    <p class='ocr_par' dir='ltr' id='par_1_8' title="bbox 335 3281 1347 4095">
     <span class='ocr_line' id='line_1_25' title="bbox 335 3281 1192 3369; baseline 0.007 -19"><span class='ocrx_word' id='word_1_162' title='bbox 335 3286 408 3350; x_wconf 79' lang='lat' dir='ltr'>Jam</span> <span class='ocrx_word' id='word_1_163' title='bbox 423 3296 572 3349; x_wconf 82' lang='lat' dir='ltr'>materna</span> <span class='ocrx_word' id='word_1_164' title='bbox 586 3281 723 3369; x_wconf 77' lang='lat' dir='ltr'>dabam,</span> <span class='ocrx_word' id='word_1_165' title='bbox 739 3284 792 3351; x_wconf 86' lang='lat' dir='ltr'>cni</span> <span class='ocrx_word' id='word_1_166' title='bbox 807 3307 897 3352; x_wconf 88' lang='lat' dir='ltr'>nunc</span> <span class='ocrx_word' id='word_1_167' title='bbox 912 3288 1002 3353; x_wconf 91' lang='lat' dir='ltr'>venit</span> <span class='ocrx_word' id='word_1_168' title='bbox 1015 3288 1128 3355; x_wconf 81' lang='lat' dir='ltr'>irritus</span> <span class='ocrx_word' id='word_1_169' title='bbox 1141 3286 1192 3357; x_wconf 81' lang='lat' dir='ltr'>ori</span> 
     </span>
     <span class='ocr_line' id='line_1_26' title="bbox 336 3399 1150 3500; baseline 0.006 -30"><span class='ocrx_word' id='word_1_170' title='bbox 336 3403 463 3486; x_wconf 84' lang='lat' dir='ltr'>Laetis,</span> <span class='ocrx_word' id='word_1_171' title='bbox 484 3415 518 3469; x_wconf 88' lang='lat' dir='ltr'>et</span> <span class='ocrx_word' id='word_1_172' title='bbox 535 3399 648 3485; x_wconf 82' lang='lat' dir='ltr'>infelix</span> <span class='ocrx_word' id='word_1_173' title='bbox 667 3404 702 3469; x_wconf 92' lang='lat' dir='ltr'>in</span> <span class='ocrx_word' id='word_1_174' title='bbox 722 3400 857 3470; x_wconf 83' lang='lat' dir='ltr'>vulnera</span> <span class='ocrx_word' id='word_1_175' title='bbox 876 3402 1018 3500; x_wconf 82' lang='lat' dir='ltr'>liquitur</span> <span class='ocrx_word' id='word_1_176' title='bbox 1037 3408 1150 3475; x_wconf 87' lang='lat' dir='ltr'>imber.</span> 
     </span>
     <span class='ocr_line' id='line_1_27' title="bbox 336 3521 1132 3618; baseline 0.004 -27"><span class='ocrx_word' id='word_1_177' title='bbox 336 3524 447 3591; x_wconf 89' lang='lat' dir='ltr'>Nosco</span> <span class='ocrx_word' id='word_1_178' title='bbox 466 3524 556 3589; x_wconf 91' lang='lat' dir='ltr'>Deos</span> <span class='ocrx_word' id='word_1_179' title='bbox 576 3547 584 3588; x_wconf 76' lang='grc' dir='ltr'><strong>ι</strong></span> <span class='ocrx_word' id='word_1_180' title='bbox 605 3546 626 3589; x_wconf 91' lang='grc' dir='ltr'>ο</span> <span class='ocrx_word' id='word_1_181' title='bbox 646 3521 729 3589; x_wconf 85' lang='lat' dir='ltr'>dura</span> <span class='ocrx_word' id='word_1_182' title='bbox 748 3524 810 3590; x_wconf 89' lang='lat' dir='ltr'>mei</span> <span class='ocrx_word' id='word_1_183' title='bbox 832 3527 988 3618; x_wconf 81' lang='lat' dir='ltr'>praesagia</span> <span class='ocrx_word' id='word_1_184' title='bbox 1008 3530 1132 3611; x_wconf 86' lang='lat' dir='ltr'>somni,</span> 
     </span>
     <span class='ocr_line' id='line_1_28' title="bbox 335 3642 1347 3740; baseline 0.005 -31"><span class='ocrx_word' id='word_1_185' title='bbox 335 3642 565 3734; x_wconf 86' lang='lat' dir='ltr'>Nocturnique</span> <span class='ocrx_word' id='word_1_186' title='bbox 585 3655 711 3727; x_wconf 83' lang='lat' dir='ltr'>metus,</span> <span class='ocrx_word' id='word_1_187' title='bbox 729 3656 764 3709; x_wconf 88' lang='lat' dir='ltr'>et</span> <span class='ocrx_word' id='word_1_188' title='bbox 782 3666 953 3736; x_wconf 87' lang='lat' dir='ltr'>nunquam</span> <span class='ocrx_word' id='word_1_189' title='bbox 973 3647 1108 3740; x_wconf 88' lang='lat' dir='ltr'>impune</span> <span class='ocrx_word' id='word_1_190' title='bbox 1129 3673 1188 3740; x_wconf 87' lang='lat' dir='ltr'>per</span> <span class='ocrx_word' id='word_1_191' title='bbox 1210 3648 1347 3716; x_wconf 89' lang='lat' dir='ltr'>umbras</span> 
     </span>
     <span class='ocr_line' id='line_1_29' title="bbox 336 3759 1230 3859; baseline 0.003 -27"><span class='ocrx_word' id='word_1_192' title='bbox 336 3763 492 3832; x_wconf 82' lang='lat' dir='ltr'>Attonitae</span> <span class='ocrx_word' id='word_1_193' title='bbox 509 3761 589 3828; x_wconf 88' lang='lat' dir='ltr'>mihi</span> <span class='ocrx_word' id='word_1_194' title='bbox 609 3765 678 3830; x_wconf 88' lang='lat' dir='ltr'>visa</span> <span class='ocrx_word' id='word_1_195' title='bbox 697 3759 828 3830; x_wconf 88' lang='lat' dir='ltr'>Venus!</span> <span class='ocrx_word' id='word_1_196' title='bbox 848 3786 931 3856; x_wconf 86' lang='lat' dir='ltr'>quos</span> <span class='ocrx_word' id='word_1_197' title='bbox 948 3789 1055 3859; x_wconf 83' lang='lat' dir='ltr'>arguo</span> <span class='ocrx_word' id='word_1_198' title='bbox 1073 3767 1199 3835; x_wconf 85' lang='lat' dir='ltr'>Divos?</span> <span class='ocrx_word' id='word_1_199' title='bbox 1229 3788 1230 3792; x_wconf 74' lang='grc'>’</span> 
     </span>
     <span class='ocr_line' id='line_1_30' title="bbox 336 3879 1257 3980; baseline 0.003 -30"><span class='ocrx_word' id='word_1_200' title='bbox 336 3885 410 3976; x_wconf 89' lang='lat' dir='ltr'>lpse</span> <span class='ocrx_word' id='word_1_201' title='bbox 428 3906 490 3977; x_wconf 84' lang='lat' dir='ltr'>ego</span> <span class='ocrx_word' id='word_1_202' title='bbox 508 3896 540 3949; x_wconf 86' lang='lat' dir='ltr'>te</span> <span class='ocrx_word' id='word_1_203' title='bbox 556 3879 657 3974; x_wconf 88' lang='lat' dir='ltr'>(quid</span> <span class='ocrx_word' id='word_1_204' title='bbox 677 3883 765 3949; x_wconf 89' lang='lat' dir='ltr'>enim</span> <span class='ocrx_word' id='word_1_205' title='bbox 785 3884 919 3951; x_wconf 85' lang='lat' dir='ltr'>timeam</span> <span class='ocrx_word' id='word_1_206' title='bbox 937 3887 1099 3956; x_wconf 83' lang='lat' dir='ltr'>moritura</span> <span class='ocrx_word' id='word_1_207' title='bbox 1117 3887 1257 3980; x_wconf 68' lang='lat' dir='ltr'>leterii)</span> 
     </span>
     <span class='ocr_line' id='line_1_31' title="bbox 338 4001 1127 4095; baseline 0.005 -24"><span class='ocrx_word' id='word_1_208' title='bbox 338 4003 480 4095; x_wconf 82' lang='lat' dir='ltr'>Exposui</span> <span class='ocrx_word' id='word_1_209' title='bbox 497 4001 571 4069; x_wconf 83' lang='lat' dir='ltr'>fatis</span> <span class='ocrx_word' id='word_1_210' title='bbox 588 4028 596 4068; x_wconf 77' lang='grc' dir='ltr'>ε</span> <span class='ocrx_word' id='word_1_211' title='bbox 613 4024 687 4095; x_wconf 75' lang='lat' dir='ltr'>que</span> <span class='ocrx_word' id='word_1_212' title='bbox 703 4015 847 4070; x_wconf 87' lang='lat' dir='ltr'>mentem</span> <span class='ocrx_word' id='word_1_213' title='bbox 864 4005 989 4073; x_wconf 85' lang='lat' dir='ltr'>insania</span> <span class='ocrx_word' id='word_1_214' title='bbox 1007 4007 1127 4075; x_wconf 83' lang='lat' dir='ltr'>traxit?</span> 
     </span>
    </p>
   </div>
   <div class='ocr_carea' id='block_1_5' title="bbox 0 0 1419 5258">
    <p class='ocr_par' dir='ltr' id='par_1_9' title="bbox 0 0 1419 5258">
     <span class='ocr_line' id='line_1_32' title="bbox 0 0 1419 5258; baseline 0 0"><span class='ocrx_word' id='word_1_215' title='bbox 0 0 1419 5258; x_wconf 95' lang='lat' dir='ltr'> </span> 
     </span>
    </p>
   </div>
  </div>
 </body>
</html>
