2812 5258
184 459 240 518 aot
554 458 848 519 emortuom

222 577 284 633 Nec
302 574 433 650 superum
452 577 513 631 sine
531 586 623 631 mente
643 573 686 652 (v.
716 575 795 654 452).
816 577 926 648 Iujuria
949 577 1092 651 displicuit
1118 579 1168 637 hic
1197 596 1226 637 ν.

184 670 298 744 Guyeto
312 687 320 723 t
334 668 386 724 etsi
400 668 478 724 deest
490 667 520 722 iu
533 669 586 722 ΜΒ
596 677 625 723 et
637 669 822 742 Lugdunensi
831 670 929 744 aliquo
943 688 987 744 ap.
1002 671 1095 726 Barth.
1102 712 1111 740 ,
1125 691 1227 729 neces-

184 761 274 817 sarius
287 772 329 817 est
346 772 453 829 tamen,
471 760 495 816 si
508 759 573 833 quis
587 760 665 816 alius

227 855 340 907 Assueti
356 853 446 907 tendit
459 854 617 908 retium
635 855 704 907 saxi
716 851 754 930 (r.
771 851 849 931 47ο).
868 853 961 909 Prima
981 873 1039 910 vox
1055 873 1110 927 pro
1131 858 1228 930 glossa

186 957 247 1001 erat
259 946 289 1000 in
303 947 357 1000 ΜΒ
371 955 399 1000 et
413 946 447 1002 al.
466 946 577 1015 Barth,
591 946 643 1019 qui
658 946 778 1003 intentu
793 966 857 1003 cum
868 949 933 1003 Pu:
948 950 1080 1003 cadversi
1091 949 1226 1022 tendit,-

184 1041 265 1114 quod
278 1059 384 1095 verum.
399 1043 482 1112 Post,
500 1060 527 1095 r.
544 1048 600 1111 47²
617 1060 656 1096 :o
668 1041 848 1113 uanamjam
861 1054 920 1098 tum
938 1053 979 1099 est
993 1061 1047 1115 pro
1066 1043 1126 1115 jam
1142 1046 1222 1101 olim.

185 1135 239 1189 ΜΒ
250 1152 258 1187 :
271 1135 379 1188 utrinam
396 1133 540 1207 primum,
562 1151 596 1188 ex
610 1135 712 1210 glossa.

226 1224 304 1281 cene
325 1225 481 1296 statfama
501 1223 538 1299 (v.
560 1223 640 1303 474).
660 1225 725 1282 scit.
747 1224 797 1282 sed
819 1243 873 1301 ego
895 1227 1028 1283 reducem
1048 1227 1150 1283 fnutn
1168 1247 1224 1284 ex·

183 1316 315 1391 spectavi

225 1409 375 1464 Tacentem
383 1406 421 1486 (r.
438 1408 515 1485 497).
525 1411 586 1480 list,
601 1409 716 1486 opinor,
728 1428 787 1467 nou
795 1420 973 1485 querentem,
986 1429 1046 1466 non
1059 1411 1222 1483 ejulantem.

182 1500 269 1556 Initio
283 1520 380 1557 versus
394 1503 448 1557 ΜΒ
463 1521 470 1556 :
483 1502 536 1558 sed
547 1522 600 1560 me.
618 1524 621 1529 ·

224 1594 336 1648 Prema
359 1612 460 1648 manus
484 1593 575 1650 hoemt
595 1597 625 1650 t'n
650 1593 736 1650 herba
755 1593 794 1672 (v.
819 1591 896 1671 504).
919 1611 1069 1663 «determine
1085 1594 1227 1668 ssprefit

184 1694 293 1740 etatem
307 1705 314 1740 ε
329 1702 395 1740 uaru
411 1685 442 1739 iu
456 1695 536 1741 actus
553 1686 687 1743 ludicros·
699 1705 789 1761 quum
804 1705 906 1743 somno
921 1687 1072 1761 requiescit
1088 1687 1227 1759 infautia,

184 1777 323 1852 quicquid
336 1777 475 1847 tenuerit,
493 1797 553 1834 nou
566 1779 711 1854 relinquit.
724 1803 736 1829 ν
751 1781 837 1835 Lacr.

227 1870 340 1925 Occidis
357 1867 395 1947 (v.
412 1867 490 1947 636).
511 1873 567 1926 ΜΒ
583 1882 611 1927 et
625 1871 696 1927 alius
716 1864 853 1939 reccidit,
865 1871 931 1927 fort.
946 1888 1021 1928 vere.

224 1961 409 2017 &hauserat
420 1963 508 2017 ictum
522 1960 561 2039 (v.
580 1960 657 2040 563).
679 1963 769 2019 idest
787 1964 899 2019 iuauem
913 1962 1085 2019 reddiderat.
1115 1989 1119 1995 ·

226 2054 289 2111 Sive
301 2056 379 2122 dealt,
396 2057 557 2129 unicumque
565 2056 627 2110 deis
636 2073 769 2110 concessa
780 2058 916 2128 wluptas
929 2052 967 2133 (r.
979 2053 1056 2132 568).
1066 2054 1139 2111 Satis
1153 2056 1228 2129 hoc,

185 2146 235 2204 aed
254 2147 374 2203 nimium
392 2147 474 2222 quod
495 2149 603 2221 praebet
621 2150 690 2220 ΜΒ,
712 2166 728 2203 a
748 2148 923 2204 Barthio-sic
944 2147 1112 2204 distinctus:
1128 2172 1142 2198 «
1158 2151 1228 2206 Sive

185 2239 270 2310 deus,
293 2241 473 2315 utinamquel
493 2239 553 2295 deis
570 2240 699 2297 nocuisse
721 2242 890 2315 voluptas.»
911 2241 997 2316 Vulg.
1017 2239 1102 2295 etiam
1121 2240 1228 2298 habuit

184 2333 262 2388 Lact

228 2424 330 2476 Fracta
348 2425 493 2496 gemuistis
509 2423 661 2490 arundine,
680 2423 777 2477 Fauni
793 2427 831 2498 (r.
852 2418 930 2496 582).
949 2424 1069 2480 «canna
1085 2433 1114 2478 et
1134 2424 1227 2481 ferula

185 2524 359 2570 coronantur
371 2514 461 2569 Fauni
476 2533 483 2568 ε
498 2515 557 2570 haec
571 2525 735 2569 ornamenta
751 2532 802 2569 sua
814 2514 867 2570 hos
888 2512 1084 2568 comminuisse
1105 2528 1225 2574 mortuo

184 2615 313 2679 serpente
327 2618 542 2677 commemorat,
559 2625 640 2663 more
656 2607 813 2684 lugentum.
828 2632 841 2657 a
855 2609 942 2662 Licr.

225 2699 412 2754 Nimiam-ira
420 2701 474 2754 deo
487 2698 526 2777 (v.
543 2697 621 2776 685).
637 2699 859 2772 uQuiajnstius,
872 2715 962 2773 quum
976 2696 1040 2770 plus
1049 2700 1227 2771 peccaverit,

185 2790 329 2864 punietur.
345 2816 357 2841 u
377 2794 464 2848 Ltcr.
479 2811 532 2848 eru.
548 2812 563 2848 e
577 2793 641 2848 cod.
660 2793 745 2849 Paris.

227 2885 291 2939 Stat
302 2903 388 2960 super
405 2886 570 2960 impendens
588 2883 626 2964 (r.
647 2883 726 2963 602).
745 2887 814 2958 tteg.
837 2902 848 2938 t
870 2901 878 2937 t
902 2884 994 2938 «Jam
1014 2891 1109 2954 stupet
1127 2881 1198 2956 imp.
1214 2906 1226 2931 ι

227 2977 302 3046 Quos
320 2995 410 3049 arguo
422 2978 521 3034 divos?
535 2976 575 3055 (v.
591 2974 672 3053 622).
690 2979 743 3031 ΜΒ
758 2995 764 3028 :
780 2974 851 3029 «sed
867 2974 941 3030 enim
960 2992 1051 3049 arguo
1061 2972 1130 3029 dt»
1146 2971 1226 3027 Illud

187 3077 279 3123 tamen
293 3087 392 3123 verum
406 3088 465 3125 esse
481 3070 605 3129 videtur.

225 3162 325 3217 Persei
336 3162 441 3218 vertice
454 3165 556 3218 montis
576 3161 614 3240 (v.
632 3157 709 3234 640).
724 3161 759 3213 V.
778 3158 816 3214 ad
836 3178 892 3230 111,
907 3159 974 3225 641.
989 3161 1023 3214 In
1043 3177 1101 3231 seq.
1120 3176 1147 3212 v.
1167 3158 1225 3213 ali-

188 3265 260 3329 quot
278 3256 373 3310 Barth.
394 3265 423 3310 et
443 3256 478 3310 al.
494 3275 559 3310 cum
576 3256 644 3328 lieg.
666 3271 677 3306 t
700 3260 728 3305 et
753 3250 818 3306 edd.
840 3262 909 3306 autt.
926 3268 1071 3305 :averso...
1090 3250 1227 3317 Tonanti,

189 3346 271 3419 quod
284 3346 321 3401 de
339 3364 427 3400 manu
442 3346 524 3401 Statii
538 3364 596 3401 esse
612 3354 692 3417 puto.
783 3369 786 3376 ·

226 3441 379 3509 Lemmque
392 3436 496 3509 inferre
506 3437 634 3513 parabat
650 3432 688 3511 (v.
706 3431 786 3511 659).
806 3435 897 3510 Magis
911 3433 1068 3490 statianum
1085 3430 1166 3505 quod
1184 3442 1227 3488 est

186 3529 217 3585 in
236 3530 290 3583 ΜΒ
305 3549 312 3583 :
327 3532 346 3583 l.
365 3530 489 3584 immane
500 3527 635 3605 parabat.
659 3527 757 3582 Paullo
777 3538 856 3600 post,
875 3546 902 3580 v.
928 3525 1002 3595 662,
1021 3524 1136 3598 praefert
1154 3526 1229 3580 Bar·

188 3619 262 3674 thius
281 3618 371 3690 ejusd.
394 3619 458 3674 cod
479 3621 542 3674 lect.
566 3638 573 3672 ε
594 3618 703 3688 objecta
714 3629 864 3694 pmtentat
881 3628 1000 3694 pectora
1011 3635 1135 3692 parma,
1158 3616 1227 3691 quia

187 3712 299 3787 Tydeus
313 3710 519 3765 consideratior
531 3710 679 3767 inducitur
692 3713 835 3785 Capaneo.

179 3877 182 3883 .
228 3802 424 3876 Perstringant
435 3802 539 3856 iamim
552 3799 590 3880 (v.
606 3801 684 3881 666).
700 3804 756 3860 Sed
773 3802 859 3858 codd.
874 3801 1027 3857 Liudenbr.
1044 3821 1051 3854 :
1065 3812 1180 3876 proestr.

230 3896 348 3952 Socioe...
364 3895 444 3949 vittoe
457 3891 496 3970 (v.
512 3891 590 3971 668).
605 3898 628 3951 I.
645 3915 668 3951 e.
688 3896 831 3951 sociorum
853 3912 1021 3968 regnorum,
1038 3893 1106 3967 quia
1126 3911 1227 3969 regum

189 4007 307 4067 quoque
319 3985 397 4042 vitta.
411 3987 485 4043 Vide
499 3988 638 4043 Bemartii
653 3988 691 4043 ad
705 3989 733 4043 h.
749 3990 766 4043 l.
781 4005 930 4044 excursum
946 3984 982 4042 de
996 3987 1090 4054 vittis,
1103 4004 1133 4059 p.
1153 3992 1228 4053 ²47·

191 4081 250 4139 250
261 4078 306 4139 ed.
321 4079 435 4152 Crucei,
449 4100 534 4156 quem
547 4081 587 4137 ita
600 4079 713 4156 repetiit
733 4079 763 4135 in
783 4098 833 4135 sua
851 4080 896 4135 ed.
912 4077 1079 4147 Lemaerius,
1092 4087 1124 4132 ut
1138 4072 1227 4132 omit-
