2812 5258
339 422 395 481 sss
698 416 986 475 Amtoffllouns

337 542 403 612 Seq.
422 554 492 591 vers.
517 534 626 590 initium
638 533 815 589 vehementer
834 540 1044 586 controversum
1063 540 1092 585 et
1109 529 1300 604 conjecturis
1318 538 1379 593 201.

338 628 482 684 licitatum.
503 630 538 681 V.
556 626 675 697 interpp.
695 623 793 679 addito
808 624 960 677 Burmann.
979 620 1016 676 ad
1029 621 1145 678 Anthol.
1167 624 1245 693 lat„
1259 626 1325 683 vot
1340 644 1379 699 ιι,

339 738 369 792 p.
388 717 454 774 655.

380 812 529 885 Septem...
534 808 624 881 sumo
637 803 674 881 (v.
688 802 746 880 95).
761 805 804 858 De
817 802 930 859 Pleiade
949 802 1125 878 tragicorum.
1140 806 1243 861 Versu
1263 824 1311 883 sq.
1328 826 1376 865 m-

338 921 405 975 gum
418 904 497 955 dolos
517 898 603 965 dixit,
624 897 691 969 quia
703 895 781 950 Atrei
793 904 822 950 et
833 894 960 977 Thyestae
978 894 1104 968 exe-pla
1116 903 1243 971 tangere
1262 909 1375 969 mant,

340 1010 428 1065 quum
441 989 576 1066 tragoedia
593 984 771 1061 significatur.

377 1083 481 1135 Heroos
497 1096 593 1154 gressu
608 1089 733 1130 truncam
746 1084 855 1135 tenores
869 1078 906 1156 (v.
923 1076 981 1153 99).
997 1073 1122 1153 Elegiam
1134 1074 1290 1155 intelligit.

378 1171 637 1227 Euseresems‘mtos
649 1170 737 1226 subdo
746 1168 784 1247 (v.
802 1178 854 1237 104
869 1168 1056 1247 sq.).1taiere
1070 1166 1159 1224 codd.
1174 1179 1206 1225 et
1221 1168 1369 1229 cdd.rett.

340 1264 411 1334 Qua
424 1262 448 1317 si
456 1272 611 1333 serrantur,
624 1257 654 1317 in
665 1262 741 1316 huno
753 1279 843 1334 prope
855 1259 971 1315 modum
981 1257 1146 1331 explicanda
1152 1270 1243 1315 erunt
1253 1280 1262 1316 s
1271 1260 1369 1339 Erige,

340 1357 530 1429 Parthenope,
544 1356 637 1410 vultus
650 1364 713 1408 tuos
726 1372 742 1408 e
754 1354 885 1425 pulvere,
898 1349 1069 1423 quiVesurii
1083 1352 1239 1423 eruptione
1253 1354 1368 1427 necopi-

339 1449 471 1504 nantibus
487 1447 605 1518 injcctus
618 1464 666 1501 eos
686 1462 765 1517 paene
778 1442 864 1498 diruit
884 1452 912 1495 et
926 1440 1028 1497 delevit
1045 1438 1092 1517 (oi.
1105 1440 1234 1499 er.
1249 1445 1291 1501 ad
1310 1442 1366 1501 Lu·

341 1549 426 1608 eret,
440 1556 479 1606 n,
496 1535 579 1611 367),
593 1554 625 1591 ac
640 1535 758 1611 lugentis
773 1533 860 1589 modo
873 1532 977 1587 crinem
984 1532 1086 1587 montis
1098 1531 1287 1607 ignetaoturn
1294 1554 1366 1611 pone

339 1629 370 1683 in
382 1628 490 1683 tumulo
509 1628 603 1699 magni
621 1624 687 1680 civis
707 1625 755 1679 tui.
774 1623 830 1680 Sed
847 1623 871 1677 si
889 1623 934 1678 vel
951 1622 1068 1679 maxims
1088 1623 1180 1679 verba
1197 1624 1310 1701 integra
1321 1638 1364 1681 te·

221 1736 225 1741 ·
339 1737 405 1773 nere
420 1716 503 1785 velis,
520 1716 623 1788 afflato
644 1726 858 1780 tamenmonte,
877 1715 985 1786 inquo
1007 1732 1102 1769 sensus
1121 1716 1240 1785 nullus,
1262 1736 1364 1775 surum

339 1808 484 1864 necessitas
507 1816 548 1862 est
565 1806 669 1861 mutari
684 1807 715 1861 in
731 1805 864 1878 afflatum
878 1815 972 1859 monte
979 1844 989 1871 ,
1008 1822 1072 1859 cum
1085 1807 1120 1859 V.
1139 1806 1179 1861 l).
1194 1826 1243 1881 ap.
1265 1812 1362 1877 Gron,

338 1918 367 1973 p.
379 1901 443 1973 349.
457 1898 548 1953 Multa
559 1896 596 1952 de
609 1898 664 1952 hoo
679 1899 698 1952 l.
712 1897 881 1970 scripserunt
894 1898 998 1965 Goon,
1011 1896 1118 1963 Druse,
1140 1914 1168 1952 c.
1185 1916 1237 1969 ιι,
1249 1900 1360 1957 Bm.

339 1990 526 2053 Annonem,
547 2007 570 2042 c.
585 2006 645 2057 vri,
664 1998 692 2042 et
711 1986 828 2056 Marii,
841 2003 903 2059 quse
924 1985 969 2040 hio
984 2003 1044 2041 non
1055 2004 1214 2059 possumus
1226 1990 1361 2065 persequi

338 2081 400 2136 Nic.
419 2079 549 2136 Heinsius
567 2077 641 2149 conj.
658 2078 808 2133 :uesuvr‘no
816 2078 946 2149 pulvere,
961 2094 997 2132 ex
1007 2076 1135 2133 desubito
1148 2097 1160 2132 .·
1173 2098 1245 2135 nasn
1261 2082 1292 2133 V
1298 2098 1362 2155 ιαμ

338 2189 390 2242 per
411 2172 437 2225 B
455 2187 624 2242 expressum.
650 2168 748 2223 Markl.
768 2188 775 2221 :
796 2168 868 2221 Bes.
885 2167 1029 2221 semdusos
1045 2166 1105 2223 sire
1125 2182 1270 2227 semum
1286 2190 1362 2229 m·

338 2261 397 2313 oino
405 2261 525 2334 fulgure
536 2279 575 2323 u,
593 2276 628 2315 ex
641 2258 755 2333 Virgil„
770 2257 899 2323 AEncid.,
914 2274 968 2327 111,
984 2254 1055 2327 578,
1072 2256 1112 2314 de
1128 2258 1231 2332 ΕΜ,

437 2408 508 2454 Fama
521 2414 556 2454 est
566 2403 677 2454 Encsledi
689 2404 824 2454 semitutum
836 2402 933 2453 fulmine
942 2418 1026 2469 corpus

439 2486 523 2551 Urgeri
534 2486 596 2535 mole
608 2486 662 2535 hae.

337 2620 373 2675 Et
388 2636 416 2674 v.
431 2636 489 2691 seq.
503 2618 576 2673 idem
592 2636 600 2671 ι

440 2794 526 2808 .....
545 2758 682 2827 Crinemque
695 2754 786 2824 afflatu
796 2757 886 2805 montis
898 2753 1005 2808 edem

337 2873 407 2928 Cod.
422 2872 541 2946 iihedig.
558 2884 587 2929 et
599 2872 644 2931 ed.
657 2874 755 2927 Venet.
774 2892 781 2927 :
796 2874 941 2945 sepultum.

377 2963 528 3035 Specieque
539 2981 647 3017 comum
662 2964 798 3017 subnexus
806 2975 921 3036 utruque
934 2960 972 3037 (ν.
989 2958 1062 3037 115).
1075 2984 1090 3011 ι
1104 2962 1144 3019 Et
1156 2964 1363 3023 Nestorisubt·

336 3064 443 3108 rantem
457 3063 485 3108 et
504 3054 608 3127 Ulyssis
622 3052 823 3108 consideratum
842 3050 1030 3125 eloquentiam
1043 3069 1204 3128 superans,
1222 3056 1363 3131 cuiusque

335 3144 447 3201 nomine
465 3154 694 3199 coronatum.»
711 3146 819 3198 Baaru.

375 3238 481 3290 Ponere
489 3255 670 3308 purpureos...
680 3236 796 3288 asnieres
808 3230 848 3309 (v.
862 3230 1000 3309 119).1>ro
1012 3232 1136 3293 induere
1149 3256 1158 3291 ι
1172 3238 1260 3313 qnod
1271 3238 1362 3297 nescio

335 3342 400 3379 sane
414 3325 438 3381 si
452 3326 516 3398 quis
529 3327 598 3381 alius
611 3327 665 3380 hoc
679 3344 762 3380 sensu
775 3324 885 3380 dixerit.
905 3328 1000 3394 Quare
1013 3324 1117 3383 Markl.
1132 3345 1272 3389 tsumm
1282 3352 1314 3407 p.

373 3414 501 3468 Pendet.-
521 3428 549 3468 et
564 3417 694 3489 ambiguo
713 3414 835 3489 geminas
855 3416 1005 3470 certamine
1027 3426 1113 3471 terroe
1131 3414 1174 3495 (v.
1195 3420 1278 3499 125).
1296 3420 1360 3479 lt‘uit

334 3504 399 3560 satis
410 3502 597 3560 honorificum
605 3508 708 3559 natalis
717 3506 792 3578 origo
800 3507 908 3579 pemlet
914 3545 924 3572 ,
939 3506 977 3560 ita
990 3504 1157 3579 simpliciter
1169 3512 1360 3581 enuntiatum

334 3605 363 3650 et
378 3594 467 3665 majus
486 3592 620 3667 quiddam
638 3595 701 3666 jure
720 3606 861 3669 exspectes
875 3606 941 3669 post
961 3596 1021 3665 illa,
1038 3614 1089 3651 nee
1114 3598 1254 3673 staples
1269 3604 1360 3679 pavie

333 3686 424 3740 decus.
444 3685 628 3740 scribendum
650 3697 709 3741 erat
726 3706 790 3742 cum
809 3686 955 3742 Gronovio
973 3706 981 3741 z
997 3710 1010 3735 ι
1023 3686 1134 3744 Natalis
1154 3692 1249 3769 origo
1264 3694 1360 3751 Pendet

333 3777 362 3829 in
383 3776 514 3851 ambiguo
534 3776 648 3851 gemine
670 3779 818 3833 certamine
841 3788 920 3834 tenu
938 3798 945 3832 ε
962 3802 974 3828 ι
992 3796 1057 3833 nam
1075 3780 1162 3851 quod
1179 3784 1361 3843 Marklandus

331 3866 420 3921 voluit
434 3868 558 3941 :pendet
575 3868 610 3922 ab
628 3869 716 3933 amb„
731 3870 814 3942 plane
830 3889 889 3925 non
903 3881 944 3924 est
959 3868 1043 3941 hujus
1058 3869 1128 3925 loci.
1146 3876 1193 3931 Ac
1206 3875 1272 3949 iarn
1288 3876 1360 3935 video

332 3955 374 4011 ed
390 3975 433 4029 pr.
449 3968 476 4011 et
494 3957 557 4013 cod.
571 3957 654 4014 Paris.
673 3958 848 4015 exhiberetis
859 3959 949 4025 anab„
965 3975 1024 4013 non
1039 3958 1086 4013 ab.
