2812 5258
404 465 561 522 uomrm
582 464 818 521 mmmmm.
1100 470 1128 542 js

103 584 321 686 morphoseon
344 589 457 659 Ovidii
476 588 575 658 bodie
595 588 755 658 feruntur.
781 592 888 659 Dese
915 591 1062 684 loquitur
1088 597 1129 664 ad

103 708 225 779 librum
241 733 275 779 v1
295 707 499 791 Thebaidos,
522 733 555 801 p.
576 732 647 802 279
671 708 721 777 ed.
743 711 860 778 Crucei
879 734 888 777 :
907 711 998 780 «Sed
1018 711 1059 780 de
1081 714 1130 784 bis

103 830 201 898 rebus
220 828 276 921 (de
294 827 551 923 Antipodibus),
570 841 670 920 prout
688 828 821 921 ingenio
841 854 915 898 meo
938 847 1131 902 connectere

102 950 211 1041 potui,
229 972 268 1016 ax
288 946 380 1015 libris
399 945 575 1015 ineffabilis
591 946 751 1015 doctrinm
769 948 877 1016 Persei
900 951 1130 1043 praeceptoris,

102 1090 247 1135 seorsum
276 1063 423 1134 libellum
446 1066 616 1159 composui
644 1066 835 1134 Lactantius
859 1065 1050 1136 Placidus.»
1076 1071 1131 1138 Sic

102 1188 195 1255 MSS.
211 1185 469 1276 Lindenbrogii,
487 1184 567 1253 dum
584 1198 662 1253 vett.
680 1185 754 1253 edd.
779 1199 812 1254 et
826 1188 897 1254 MS.
916 1189 1018 1256 Paris.
1032 1214 1040 1255 z
1057 1190 1131 1258 Coe·

102 1306 168 1375 Iius
181 1306 377 1375 Fe'tmt'cmus
387 1308 485 1374 Lact.
503 1306 598 1374 Plac.
605 1356 616 1389 ,
635 1305 756 1397 quibus
770 1306 1006 1375 obversabatur
1021 1307 1129 1378 clarus

101 1439 217 1494 auctor
238 1424 501 1494 Institutionum.
521 1423 586 1494 Alii
612 1448 688 1492 eum
710 1423 879 1518 appellant
898 1428 1059 1494 Lutatius
1079 1427 1130 1496 vel

101 1544 281 1612 luctatius
315 1543 507 1627 Placidus,
536 1543 779 1637 refragantibus
807 1559 894 1613 certe
925 1546 1018 1614 MSS.
1052 1548 1130 1616 Non

97 1678 177 1731 ante
190 1688 262 1732 saec.
279 1688 314 1732 vi
328 1664 450 1758 scripta
464 1688 533 1731 csse
546 1664 616 1733 baec
635 1662 758 1733 scholia
775 1679 928 1757 possunt,
951 1667 1070 1759 partim
1091 1691 1129 1734 ex

99 1785 231 1870 Servio,
247 1786 400 1877 Hygino,
418 1782 490 1852 aliis
509 1785 722 1869 concinnata3
739 1783 954 1853 nihilominus
968 1783 1129 1878 permulta

99 1902 199 1969 etiam
216 1904 351 1993 propria
364 1904 544 1970 continent.
558 1902 671 1971 Editio
682 1904 836 1996 princeps
848 1928 981 1987 eorum,
1000 1928 1072 1995 quae
1087 1901 1131 1971 ad

100 2016 303 2085 Thebaidem
319 2019 441 2110 scripta
460 2034 552 2103 sunt,
568 2026 784 2091 estBomuna
796 2022 875 2088 anni
893 2017 997 2116 14753
1013 2021 1130 2090 deindo

100 2137 143 2205 ab
162 2136 411 2229 Lindenbmgio
428 2161 467 2205 ex
481 2139 575 2204 MSS.
589 2137 760 2206 emendata
775 2153 867 2223 sunt,
885 2164 913 2206 a.
939 2137 1043 2226 1600,
1062 2146 1129 2210 Pa·

100 2257 351 2348 nis.,·postrema
369 2279 485 2323 eorum
501 2255 603 2323 editio
625 2257 816 2338 Graecam,
835 2280 864 2323 a.
890 2253 1129 2343 1618,Pan's.,

98 2374 219 2443 additis
236 2376 323 2443 notis
332 2374 582 2466 Lindenbrogii.
604 2375 675 2443 Nos
687 2375 903 2443 Parisiensem
923 2376 1033 2469 Regin
1048 2375 1127 2445 bibl.

99 2494 245 2562 codicem
257 2519 308 2562 nr.
326 2491 441 2581 8063,
457 2492 531 2577 fot,
550 2494 708 2581 membr„
727 2518 798 2562 saec.
818 2520 862 2562 xv
878 2495 1036 2583 ineuntis,
1051 2521 1128 2564 con·

100 2612 251 2698 tulimus,
274 2613 460 2707 splendide,
487 2613 544 2681 scd
562 2615 771 2683 vitiosissime
796 2616 957 2708 scriptum
977 2642 986 2683 :
1010 2614 1129 2684 nihilo·

99 2735 207 2802 minus
227 2735 262 2801 in
282 2735 369 2801 notis
387 2735 509 2801 nostris
526 2748 576 2801 sat
591 2758 745 2827 magnam
764 2734 841 2802 inde
862 2734 1128 2803 emendationum

99 2851 230 2939 silvam,
249 2852 305 2919 ubi
324 2854 452 2920 occasio
468 2852 610 2940 ferebat,
629 2852 825 2946 productam
846 2850 983 2921 videbis.

146 2975 268 3040 Praeter
293 2970 362 3039 baec
388 2970 514 3040 scholia
539 2971 694 3039 barthius
722 2994 741 3039 e
766 2971 895 3039 duobus
916 2970 1011 3040 codd.
1032 2974 1127 3041 Statii

99 3115 181 3183 quos
198 3091 339 3159 versavit
357 3090 594 3182 antiquissimis
606 3091 693 3158 cruit
706 3090 1012 3186 Glossogmptum,
1030 3089 1128 3159 modo

100 3211 210 3301 paucis
236 3209 335 3277 modo
363 3206 514 3302 pluribus
538 3206 739 3277 difficiliores
769 3223 873 3301 poetae
889 3209 1065 3276 sententias
1076 3234 1129 3277 ex·

100 3344 293 3421 ponentem,
321 3344 389 3397 tam
417 3353 494 3397 vere
523 3328 719 3422 plerumque
744 3351 783 3396 ac
809 3326 956 3414 feliciter,
974 3342 1011 3396 ut
1036 3351 1129 3421 paene

101 3471 305 3516 succenseam
326 3449 426 3534 mihi,
447 3449 592 3540 quinon
613 3445 711 3539 plura
728 3444 805 3515 inde
825 3446 866 3514 ad
883 3445 1127 3516 dilucidandam

102 3563 245 3633 locorum
262 3567 482 3658 quorumdam
494 3567 729 3635 obscuritatem
746 3566 971 3659 excerpserim.
980 3565 1044 3633 Hic
1051 3563 1126 3635 licet

101 3707 169 3750 non
187 3697 251 3750 tam
265 3684 359 3753 docte
370 3699 522 3754 excurrat
539 3687 573 3752 in
591 3683 826 3778 mythologiam
846 3683 991 3776 aliasque
1007 3708 1059 3752 res
1070 3709 1128 3752 an·

100 3802 227 3892 tiquas,
237 3824 335 3892 quam
344 3806 552 3888 Lactantius,
569 3804 669 3872 verba
683 3818 791 3872 umen
812 3818 845 3871 et
861 3802 1038 3871 sententias
1055 3804 1126 3870 Sta-

99 3923 136 3989 tii
156 3917 261 3986 multo
277 3921 391 3991 melius
408 3923 566 3993 intellexit
583 3938 614 3992 et
634 3925 796 4018 exposuit.

145 4038 196 4108 Ad
217 4035 430 4107 Acliilleidem
461 4043 624 4111 Lactantii
652 4041 777 4112 scholia
802 4068 842 4112 ex
861 4041 973 4111 codice
996 4043 1048 4107 Fr.
1069 4039 1123 4106 Pi·
