2812 5258
58 409 87 462 (v
105 408 159 460 ¹th
390 395 580 450 leVAtttJrc
600 398 707 454 LIBER
729 400 765 454 11.

65 522 110 588 At
127 534 183 588 tua
199 540 328 586 securos
346 532 477 611 portus,
493 517 715 611 blandamque
732 521 874 611 quietem

64 637 207 705 Intravit
223 661 290 705 non
307 660 422 728 quassa
438 637 528 706 ratis.
547 637 600 704 Sic
615 661 731 730 perge;
748 661 809 705 nec
825 661 970 730 unquam

64 756 242 825 Emeritam
264 753 298 821 in
318 768 444 822 nostras
465 778 610 847 puppem
631 743 758 822 dimitte
776 752 945 847 procellas.

112 873 222 942 Vivite
237 873 358 959 securi,
379 896 521 965 quorum
540 871 581 939 de
599 885 731 965 pectore
747 875 856 941 mixtae

63 995 103 1060 In
123 990 259 1085 longum
277 996 384 1059 coiere
401 991 500 1077 faces,
515 1004 711 1082 sanctusque
727 991 853 1084 pudieae

64 1112 179 1178 Servat
194 1109 346 1178 amicitiae
365 1108 451 1203 leges
467 1133 569 1177 amor.
586 1112 636 1178 Ite
653 1133 712 1202 per
732 1133 835 1176 annos

64 1226 268 1320 Saulaque,
286 1242 318 1295 et
338 1228 451 1321 priocae
468 1225 580 1295 titulos
599 1226 771 1320 precedite
789 1226 891 1294 fame.

64 1349 200 1439 Tuque,
220 1370 322 1414 nurus
339 1347 424 1414 inter
440 1344 538 1439 longe
558 1343 797 1437 pulcherrima,
813 1347 906 1437 cujus

65 1467 141 1535 Non
159 1464 301 1533 frontem
317 1478 444 1533 vertere
460 1464 572 1549 minae,
591 1461 647 1530 aed
667 1462 807 1530 candida
824 1487 950 1556 semper

65 1583 211 1669 Gaudia,
228 1597 260 1652 et
281 1583 316 1651 in
335 1581 428 1652 vultu
444 1606 599 1650 curarum
618 1582 733 1674 ignara
752 1580 927 1675 voluptas:

65 1702 143 1770 Non
160 1701 219 1769 tibi
234 1702 390 1795 sepositas
410 1699 522 1770 infelix
537 1697 719 1794 strangulat
737 1723 813 1768 arca

64 1821 221 1906 Divitias,
238 1820 391 1912 avidique
406 1821 552 1889 animum
570 1817 741 1913 dispendia
758 1833 912 1912 torquent

66 1939 215 2006 Foenoris
234 1963 242 2005 ε
264 1938 402 2029 expositi
420 1961 548 2023 census,
566 1952 598 2005 et
616 1935 712 2006 docta
728 1937 858 2006 fruendi

67 2054 266 2149 Temperies.
284 2055 362 2123 Non
381 2052 449 2123 ulla
463 2058 534 2123 Deo
553 2053 687 2122 meliore
702 2054 865 2123 coherent

68 2178 221 2260 Pectora,
238 2196 305 2240 non
321 2170 402 2240 alias
419 2170 529 2240 decuit
548 2171 734 2240 Concordia
753 2184 887 2239 mentes.
