2812 5258
200 455 257 520 304
566 456 862 512 Annotfflonus

198 569 269 641 Reg.
293 587 304 623 1
327 569 402 623 :Es
419 570 504 642 longo
525 587 548 622 r.
552 568 602 639 s.,
617 569 696 642 qood
716 572 759 625 rel
779 571 818 625 ob
838 571 948 642 copule
967 572 1136 644 languorem
1158 575 1240 630 recl.

198 659 335 734 piendum
348 669 416 715 ert.

237 752 278 806 Bt
289 763 414 806 manus
428 751 555 806 &duale
571 753 686 823 pulnere
701 752 771 806 rivos
789 749 828 828 (v.
843 751 921 825 687).
942 752 1009 807 Sine
1026 751 1117 809 dubio
1133 774 1238 812 verum

197 840 278 916 quod
290 842 395 915 prabet
407 843 461 897 ΜΒ
469 852 499 897 et
518 844 590 898 alter
601 861 674 898 unus
687 863 695 898 ι
712 866 725 891 ι
734 855 846 899 arentes
858 843 948 898 ond.»
962 844 1062 899 Paullo
1078 856 1146 919 po&
1158 848 1236 903 Bac-

198 935 266 990 chus
284 935 426 1009 Erigonen
444 953 523 990 susm
536 945 635 1005 vocat,
654 945 687 990 ut
699 936 773 991 lcori
785 935 896 991 comitis
910 933 1008 991 liliam.

236 1025 326 1080 Comi}
344 1028 457 1081 exano't
469 1025 571 1082 humor
581 1024 618 1101 (v.
633 1024 713 1103 698)
727 1029 771 1084 tn
784 1046 850 1100 pars
863 1026 963 1096 codd,
976 1027 1027 1084 ord
1039 1030 1132 1087 multo
1141 1034 1237 1106 unjor

196 1128 225 1172 et
245 1117 347 1172 melior
364 1136 430 1172 cum
446 1118 612 1188 Lactantio,
631 1118 702 1174 citra
714 1114 878 1174 mutationis
899 1116 1088 1192 suspicionem
1103 1141 1111 1176 :
1125 1124 1235 1180 exhor-

196 1211 266 1277 ruit,
280 1210 360 1283 quod
373 1209 420 1265 hic
433 1221 475 1265 est
492 1209 690 1280 disseminat,
705 1220 738 1265 ut
753 1211 814 1283 jam
831 1208 954 1266 horridae
973 1221 1080 1268 starent
1093 1231 1193 1272 comt.

233 1303 389 1376 Deceptum
403 1305 531 1377 margine
543 1305 616 1376 n'poe
628 1301 666 1378 (v.
682 1299 759 1379 703).
772 1304 860 1357 Recte
871 1304 925 1357 ΜΒ
938 1322 945 1357 :
961 1305 1009 1356 «r'n
1022 1322 1132 1380 murga
1146 1308 1233 1362 Nou-

194 1393 266 1449 nulli
282 1404 348 1451 unte
363 1393 445 1450 Ceres
457 1412 513 1467 pro
530 1413 620 1469 seges.

234 1487 306 1543 Eooe
319 1488 454 1562 liquem
462 1487 575 1561 pabula
592 1485 701 1540 brumoe
716 1483 753 1558 (v.
771 1483 848 1555 706).
865 1487 888 1542 1.
908 1505 932 1542 e.
949 1486 1053 1543 imbres
1066 1487 1234 1564 AEtlsiopiae,

194 1579 300 1653 quibus
322 1573 369 1634 liic
394 1576 499 1634 fluvius
520 1588 662 1635 utuntur
683 1596 691 1631 :
716 1577 770 1632 hos
791 1576 878 1653 igitur
895 1576 925 1633 iu
943 1598 973 1634 sc
995 1572 1159 1654 comprimit
1181 1601 1235 1638 neo

194 1670 261 1726 sinit
281 1668 446 1743 exspatiari,
467 1664 521 1725 nisi
545 1679 670 1745 rogatus.
693 1665 880 1725 Artificiosius
897 1671 1024 1725 Gronov.
1036 1710 1044 1739 ,
1071 1670 1155 1727 oon.
1182 1691 1235 1743 rr,

194 1780 219 1818 c.
240 1760 268 1818 5.

234 1850 289 1908 Ille
307 1852 375 1908 alta'
387 1849 425 1929 (v.
448 1850 525 1929 714).
542 1853 605 1909 lloc
622 1856 699 1907 recte
715 1849 752 1907 ad
773 1848 950 1907 Chindrum
968 1851 1096 1907 referunt
1118 1854 1233 1927 glossa-

194 1954 278 1999 iores.

233 2034 320 2091 Siccis
333 2037 448 2092 illidunt
463 2056 515 2093 om
528 2038 651 2111 liparo,
664 2037 742 2103 Ora,
757 2046 808 2092 etc.
822 2030 861 2111 (v.
881 2030 957 2111 730).
972 2052 989 2090 n
1004 2032 1089 2090 codd.
1103 2037 1232 2092 Bmhii:

192 2149 252 2184 «....
273 2127 390 2185 lllidunt
407 2140 483 2184 torua
498 2128 601 2203 lupatis
617 2129 693 2199 Ora,
709 2138 762 2183 etc.
775 2153 787 2177 υ
797 2129 886 2197 Ante,
899 2138 926 2182 v.
942 2135 1016 2198 724,
1034 2128 1096 2182 sini
1113 2126 1230 2183 homno

192 2218 360 2276 Wakefield
375 2222 418 2275 ad
435 2222 560 2293 lucret,
574 2240 631 2292 111,
645 2215 713 2294 pio,
726 2229 817 2275 mutat
832 2220 863 2274 in
876 2221 969 2275 anila.

232 2312 306 2383 Quoe
324 2314 394 2367 loetn
410 2313 490 2367 snb...
509 2331 600 2387 aquas
612 2310 651 2387 (v.
668 2318 723 2383 747
738 2308 803 2387 ιφ).
816 2312 889 2366 Nom
907 2310 930 2367 si
943 2311 1070 2368 mortalis
1083 2322 1170 2381 esset,
1187 2312 1229 2367 si·

191 2402 241 2457 tim
255 2402 385 2470 sentiret,
398 2411 432 2456 ut
449 2401 557 2478 Argivi
571 2401 646 2456 Mire
660 2398 719 2455 hec
732 2400 819 2456 verba
832 2400 863 2455 in
876 2397 931 2455 ΜΒ
945 2402 1057 2474 punctis
1072 2403 1227 2459 subnotata

190 2502 320 2560 sunt,'ut
333 2491 486 2564 ejicienda,
500 2502 529 2548 et
546 2490 649 2547 desunt
665 2490 696 2545 in
709 2491 765 2546 ΡΒ.
778 2522 818 2532 -
831 2492 922 2547 Versu
937 2490 995 2566 759
1011 2493 1174 2550 statianum
1189 2507 1230 2553 est

191 2584 271 2660 quod
284 2584 334 2640 dst
351 2586 406 2640 ΜΒ
420 2604 428 2639 :
443 2594 496 2639 «tu
510 2583 624 2658 refugas
635 2583 728 2653 viros,
743 2594 917 2658 tripectora,
935 2593 987 2639 etc.
1000 2607 1012 2632 ι
1023 2582 1102 2639 Idem
1117 2603 1145 2642 v.
1156 2587 1230 2659 765,

190 2695 241 2732 om
254 2677 311 2733 vin
321 2695 375 2750 pro
387 2677 506 2743 omnni,
521 2673 602 2751 quod
616 2695 676 2732 uon
689 2676 748 2733 sine
760 2673 933 2732 difficultate.

232 2768 288 2825 Suo
306 2769 395 2824 linsi'te
409 2769 507 2823 cononi
518 2766 556 2845 (v.
577 2765 655 2845 776).
669 2770 724 2823 ΜΒ
739 2788 746 2823 :
758 2767 902 2839 fulmine,
920 2766 981 2822 veri
1000 2767 1136 2825 similiter.

232 2863 322 2916 locat
333 2862 471 2936 ponitque
487 2871 637 2936 negantem
653 2862 728 2916 Flor.
746 2857 783 2936 (r.
803 2859 878 2933 780).
898 2861 985 2914 Recto
1006 2859 1127 2916 offendit
1146 2865 1229 2920 Gro-

190 2971 257 3008 nov.
273 2954 302 3007 in
317 2953 485 3026 repetitione
500 2957 576 3009 locat
588 2953 741 3027 pontique,
767 2962 796 3006 et
815 2969 849 3006 ex
868 2951 1044 3024 optimorum
1064 2953 1149 3009 codd.
1168 2974 1226 3011 ve-

190 3043 279 3118 stigiis
301 3045 439 3100 concinne
459 3045 595 3119 reponit:
612 3045 749 3118 «ponique
764 3043 897 3117 negantis
914 3044 1084 3101 Floribus...
1108 3047 1227 3103 Solatur

189 3135 333 3209 lacrymas.
342 3159 354 3185 ι
364 3138 427 3192 ium
440 3155 485 3210 ap.
500 3138 579 3192 Lact.
593 3135 699 3208 duplex
711 3134 814 3204 lectio,
833 3134 870 3190 dc
883 3155 941 3209 qua
955 3136 1012 3191 vid.
1029 3138 1136 3192 Bsnru.

230 3228 355 3284 Miratur
369 3246 514 3284 nemomm
534 3229 664 3302 strepiurs
678 3223 717 3302 (r.
737 3223 816 3301 79¹)·
837 3227 931 3283 Barth.
950 3228 1025 3298 conj.
1043 3230 1186 3282 volucrum
1201 3250 1224 3284 s.

188 3321 289 3377 ovtirm.
303 3325 370 3378 Post
387 3323 528 3397 tnrpmbus
540 3323 623 3398 gloss.
637 3320 710 3391 expl.
728 3338 734 3373 :
749 3318 940 3388 ludibundus,
952 3320 1094 3376 delicians.

228 3414 317 3488 Aquis
330 3426 441 3489 egestus
455 3415 494 3470 ab
507 3415 562 3468 imo
581 3409 890 3487 (v.818).1aegendum
907 3431 972 3466 cum
991 3413 1060 3486 neg.
1079 3431 1091 3466 1
1111 3432 1117 3464 :
1137 3413 1223 3481 imis,

186 3500 243 3560 ie.
258 3504 350 3561 fundo
365 3525 426 3562 suo.

228 3595 265 3650 Et
279 3609 394 3670 captam
408 3595 447 3674 (v.
462 3594 539 3671 823).
555 3593 743 3651 Probabiliter
761 3593 862 3649 Muril.
877 3596 918 3649 ad
937 3595 1019 3662 Sin„
1036 3614 1063 3664 r,
1078 3613 1111 3661 o,
1135 3593 1192 3651 158
1214 3617 1221 3650 :

188 3710 200 3735 ι
214 3699 264 3741 aut
276 3697 394 3760 captam.
408 3712 420 3737 n

180 3782 185 3826 ἰ
226 3781 304 3835 Dum
322 3779 414 3852 magis
432 3777 470 3856 (v.
490 3778 568 3852 827).
589 3778 636 3833 Bis
654 3779 766 3835 monuit
782 3780 824 3834 ad
840 3779 929 3834 Silvas
947 3777 1066 3846 Marii,
1090 3776 1221 3833 scriben-

187 3871 255 3926 dum
262 3888 319 3926 csse
328 3893 340 3919 ι
348 3872 428 3925 clara
440 3889 510 3940 m.,»
519 3880 687 3944 corruptum
694 3889 729 3925 cx
742 3871 945 3945 longobardica
958 3869 1105 3942 scripturo.
1116 3869 1152 3922 Et
1160 3868 1219 3925 hoc

187 3961 386 4020 sententiarum
405 3962 489 4019 series
506 3963 651 4035 postulare
668 3961 790 4017 videtur.
805 3961 862 4018 Sed
879 3981 904 4016 v.
925 3961 983 4035 829
1005 3958 1155 4017 difficultas
1175 3971 1217 4015 cst

147 4066 151 4071 '
187 4056 218 4110 in
233 4054 325 4111 verbis
341 4075 348 4109 :
368 4056 437 4110 Hoec
453 4056 566 4111 soevnse
580 4067 674 4120 tenus,
691 4063 744 4108 etc.
759 4073 766 4107 ι
786 4073 849 4127 que
864 4052 968 4108 dubius
980 4052 1074 4108 hoerco
1091 4050 1217 4106 scriben-
1239 4115 1242 4119 ⁸
