2812 5258
318 454 373 510 268
686 450 976 508 ADNOTATIONES

358 571 456 625 lum...
473 568 599 642 genialia
613 564 649 642 (v.
663 564 722 641 99).
737 565 828 621 Miror
841 564 1040 620 Marklaudum
1058 583 1117 620 noa
1133 565 1292 639 scripsisse
1308 588 1365 643 ge-

318 661 437 724 nitalia,
449 678 538 732 quum
551 660 610 731 ipse
623 659 695 713 heae
708 656 796 713 dehis
809 656 972 729 preceperit
985 657 1022 711 ad
1035 675 1074 726 ιι,
1089 657 1122 725 3,
1136 656 1186 713 62.
1201 660 1313 733 Atque
1324 659 1365 716 ita

317 762 393 809 recte
407 751 497 806 codex
511 750 629 823 Rhedig.

360 858 498 928 Populum
506 852 544 931 (v.
562 854 635 930 143).
651 878 663 902 ιι
678 856 773 911 Unum
788 872 824 909 ex
832 854 959 927 populo,
973 852 1137 920 Etruscum
1151 861 1186 906 ut
1194 852 1361 909 Horatius:

320 949 402 1003 Plebs
417 948 487 1012 en's,
502 946 520 1000 i.
536 964 560 1002 e.
575 964 648 1001 uuus
661 964 697 1001 ex
712 946 804 1018 plebe.
818 971 831 995 ι»
848 948 965 1000 Μιιιι..
979 944 1112 999 Ferreum
1126 942 1196 999 inde
1213 946 1361 1001 mulum

320 1057 384 1093 cum
398 1054 500 1105 aureo,
514 1037 651 1109 equestris
664 1036 772 1091 ordinis
781 1036 896 1110 insigni,
909 1033 1088 1107 permutavit.

358 1129 447 1184 Patre
455 1140 552 1184 renato
566 1124 604 1202 (v.
616 1125 690 1202 154).
698 1129 743 1181 Ab
752 1128 849 1182 exsilio
862 1127 989 1182 reducto.
999 1124 1072 1180 Vide
1080 1127 1176 1180 Gaoa.
1184 1142 1233 1197 ,p.
1246 1132 1307 1192 toa
1315 1146 1359 1201 sq.

358 1234 393 1286 V.
413 1230 467 1287 162
490 1250 532 1305 sq.
547 1232 618 1286 Rem
631 1230 671 1284 ita
684 1229 766 1284 essert
779 1230 898 1300 Statius,
912 1239 944 1283 ut
961 1239 1017 1284 tam
1030 1226 1196 1301 propinqua
1214 1229 1359 1303 relegatio

319 1342 408 1396 poeuae
425 1341 529 1378 nomen
541 1323 643 1378 mereri
661 1313 883 1376 non'videatur:
900 1318 981 1394 quod
997 1318 1127 1392 pluribus
1145 1317 1234 1374 docet
1249 1322 1360 1391 Grou,

320 1433 349 1487 p.
377 1431 433 1469 cra
454 1434 518 1488 sqq.
540 1415 673 1470 Curamm
690 1432 759 1468 vero
779 1415 884 1480 sochi,
904 1414 921 1469 ἰ
941 1429 965 1469 e.
986 1412 1092 1485 collega
1110 1411 1244 1481 Etrusci,
1265 1414 1359 1469 multo

321 1507 435 1580 gravius
451 1507 635 1580 plectebatur.

362 1612 545 1667 Sauromatas
561 1612 640 1665 Latio
650 1629 706 1663 ιιοιι
720 1621 763 1664 est
775 1611 892 1683 dignata
902 1606 1039 1681 triumpho
1053 1604 1083 1683 (v
1092 1605 1180 1685 -171)·
1191 1609 1355 1665 Gevartus:

322 1728 333 1752 ι
345 1701 521 1757 Domitianus
539 1701 576 1757 de
590 1701 723 1756 Sarmatis
736 1719 752 1756 a
766 1720 795 1756 se
809 1701 889 1755 victis
902 1700 1075 1773 triumphare
1092 1700 1238 1757 recusavit
1252 1712 1283 1757 et
1294 1704 1356 1757 lau-

322 1810 397 1847 ream
410 1802 520 1847 tautum
542 1792 606 1847 Jovi
624 1792 783 1864 Capitolino
798 1791 909 1861 intulit,
924 1802 993 1846 teste
1008 1791 1155 1847 Suetonio.
1180 1792 1257 1849 lude
1277 1795 1354 1849 Mu·-

322 1884 411 1955 tizlis,
428 1904 502 1955 vm,
520 1883 571 1954 15,
586 1884 622 1939 dc
635 1884 753 1940 victoria
767 1885 911 1940 sarmatica
926 1904 932 1937 :

425 2036 475 2081 lios
485 2048 580 2098 quoque
591 2042 691 2082 secretos
701 2032 841 2081 memorabit
854 2036 929 2081 ttoma
942 2030 1087 2097 triumphos,

461 2117 511 2165 Noc
520 2115 598 2165 minor
608 2116 653 2165 ista
665 2125 710 2165 tua
723 2116 803 2165 laurea
813 2115 878 2181 pacis
889 2124 948 2165 erat.
961 2138 974 2157 ·

362 2259 397 2311 V.
416 2257 470 2314 188
480 2277 521 2332 sq.
536 2259 579 2313 De
592 2258 680 2313 AEuea
694 2268 802 2330 patrem
818 2276 854 2311 ex
864 2255 996 2312 incendio
1010 2254 1125 2327 trojano
1137 2255 1288 2331 eripiente.

363 2350 487 2404 Doctoe...
497 2351 570 2405 linea
578 2347 688 2425 σοντι-(ιι.
699 2346 775 2424 201).
784 2349 829 2404 ‚td
839 2348 1352 2423 encausticampioturamhocspectst,

325 2449 355 2495 ut
367 2439 439 2494 vidit
453 2442 577 2494 Gronov.
587 2481 595 2510 ,
607 2459 636 2512 p.
655 2442 710 2495 216
726 2459 768 2512 sq.

366 2545 416 2598 Hic
429 2542 466 2619 (v.
482 2544 537 2599 213
553 2540 615 2617 ιφ).
633 2545 667 2597 Ιιι
682 2544 777 2612 Italia3
798 2544 826 2597 in
848 2556 897 2598 tua
917 2546 1031 2613 tellure,
1051 2546 1199 2621 Smym:
1217 2542 1258 2599 ihi
1272 2541 1348 2597 mim

326 2636 523 2709 cenotaphium
537 2635 589 2689 tihi
603 2653 638 2689 ex
651 2653 704 2690 usu
719 2645 851 2689 exstruct.
862 2635 933 2690 Vide
946 2638 1064 2691 Maur..

365 2742 468 2795 Nostm
488 2758 595 2813 quoque
610 2736 648 2816 (v.
664 2737 719 2793 215
734 2736 796 2815 sq.).
812 2767 824 2789 ιι
834 2740 968 2795 Claudius
983 2738 1058 2795 iilius
1075 2736 1179 2795 dicerit
1188 2735 1256 2810 ahi,
1269 2756 1291 2795 ο
1303 2758 1355 2797 ae-

327 2850 394 2901 nex,
409 2842 505 2887 nostra
518 2831 649 2907 lugubria
663 2841 691 2887 et
704 2831 752 2904 pia
766 2832 902 2901 carmina,
915 2833 1029 2887 meritus
1050 2830 1183 2903 eaeempb
1188 2868 1200 2899 ,
1212 2828 1232 2885 i.
1249 2848 1278 2887 e.
1292 2852 1358 2907 qua

327 2928 455 2998 exemplo
473 2926 584 2999 pietatis
602 2947 657 2983 suae
670 2927 787 2997 meruit,
802 2947 817 2983 a
831 2928 914 2983 nobis
929 2927 1032 2983 elicuit.
1043 2950 1056 2977 ι
1065 2928 1180 2997 (taos,
1192 2944 1222 3001 p.
1231 2944 1301 2997 ²1⁷·
1315 2928 1357 2983 Ch

329 3020 420 3091 Epist.
435 3018 509 3073 libro
521 3019 900 3095 praepositam—Sepulcro,
914 3038 969 3094 pro
985 3019 1096 3074 honore
1109 3018 1273 3091 sepulcrali.
1286 3019 1361 3076 Vide

327 3113 443 3165 Μιιιι..

367 3218 459 3272 cina.
474 3218 524 3271 lv.
534 3216 604 3272 Cod.
617 3217 702 3272 Paris.
715 3227 743 3272 et
757 3216 801 3271 ed.
815 3234 860 3289 pr.
877 3236 884 3271 :
901 3216 1104 3273 ComaEan'rrr'.
1118 3212 1256 3271 Sidonius
1268 3216 1361 3290 Apol-

328 3307 422 3363 linaris
440 3327 448 3361 t
464 3308 557 3362 Comoe
570 3310 664 3362 Flavii
680 3310 789 3363 Ecn'rri.
803 3339 843 3350 —
856 3310 933 3364 Noto
949 3308 1014 3363 satis
1026 3305 1157 3362 instituto
1174 3305 1294 3363 Pierius
1305 3308 1360 3363 Fa-

328 3400 419 3467 rinus,
440 3398 557 3453 libertus
579 3400 748 3469 Domitiani,
767 3400 813 3455 cui
834 3402 936 3474 pocula
956 3398 1108 3469 miscebat,
1127 3399 1287 3473 languente
1306 3399 1360 3473 iu

329 3492 424 3545 sormae
441 3489 544 3565 gratia,
561 3490 650 3545 crines
665 3491 741 3546 dicat
752 3492 912 3565 AEsculapio
928 3493 1099 3565 Pergameno
1114 3508 1123 3543 ι
1136 3508 1208 3547 nam
1224 3494 1361 3569 Ρηιιιο

329 3582 465 3638 oriundus
478 3590 546 3638 erat.
559 3584 602 3638 De
621 3583 721 3639 eodem
736 3594 845 3639 exstant
860 3584 1058 3657 epigrammata
1069 3582 1231 3656 ttnrfiath,
1244 3602 1296 3656 ιι,
1312 3601 1360 3641 ta·

333 3680 382 3744 ri,
400 3695 445 3745 17,
466 3673 509 3729 ιθ.

367 3779 472 3832 Forsan
492 3790 519 3832 et
532 3777 595 3850 ipse
606 3776 644 3853 (ι.
663 3796 697 3832 ιο
711 3774 774 3853 sep).
792 3780 858 3835 Non
872 3778 994 3835 debebat
1015 3780 1159 3849 Gronov„
1182 3798 1216 3853 p.
1235 3781 1298 3838 218
1311 3798 1363 3856 aq„

329 3869 400 3924 adeo
408 3886 540 3941 spernere
552 3868 669 3924 Domitii
683 3879 710 3924 et
723 3871 835 3926 Moreili
849 3872 1078 3944 explicationem,
1090 3888 1186 3943 quum
1199 3890 1363 3931 vermem

329 3969 437 4035 pateat,
458 3971 487 4015 at
504 3970 634 4016 contorta
655 3962 710 4017 sint
732 3981 794 4035 que
807 3963 917 4036 profert
933 3964 1001 4036 ipse.
1017 3985 1031 4011 ι
1044 3964 1150 4017 Putant
1163 3961 1308 4038 ¹Apollo,
1323 3964 1366 4021 'm-

330 4053 444 4127 quiuut,
454 4052 512 4125 jam
525 4053 678 4121 Bacchum,
693 4073 757 4108 cum
766 4072 826 4128 quo
840 4064 928 4109 certat
941 4052 977 4109 de
993 4050 1214 4126 pulchritudine
1228 4056 1367 4125 minian,
