2812 5258
330 470 386 526 ¹16
635 468 842 523 THEBAIDOS
863 466 972 520 LIBER
994 465 1030 520 11.
1244 463 1365 523 (ιὸδῆ

332 591 409 660 Tela
426 593 557 679 cadant,
575 590 721 683 nullique
743 606 835 659 tuum
853 587 1052 682 penetrabile
1071 589 1156 655 ferro

332 716 462 801 Pectus,
481 729 514 782 et
531 716 657 806 optanti
676 715 781 779 victor
799 711 961 778 reveharis
977 711 1092 777 amico.
1104 740 1120 770 o

378 834 529 915 Dixerat;
548 830 603 899 ille
624 830 705 899 nihil
723 829 850 898 vultum
869 842 1032 913 mutatus,
1047 830 1190 895 «Inanes

331 950 459 1036 Perdis,
476 953 535 1038 ait,
555 950 729 1044 lacrymas,
748 965 781 1018 et
798 963 850 1033 tu,
868 950 901 1015 ni
922 946 1031 1033 fallor,
1049 947 1162 1038 iniquo

331 1068 495 1138 Pollicitus
513 1095 583 1139 mea
599 1068 682 1137 colla
698 1069 774 1137 duci
794 1094 801 1135 :
820 1093 907 1135 nunc
924 1092 1028 1151 arma,
1051 1066 1205 1157 diemque

330 1190 456 1280 Projice
472 1215 480 1256 ε
497 1189 576 1281 quid
597 1191 740 1280 sequeris
757 1187 880 1255 timidae
896 1185 1089 1279 compendia
1104 1184 1197 1251 vine?

329 1306 417 1375 Bella
436 1322 568 1375 manent
583 1333 590 1374 :
604 1337 620 1372 n
636 1305 731 1375 simul
751 1308 836 1393 haec,
859 1320 892 1373 et
909 1329 1053 1373 crassum
1072 1304 1234 1396 sanguine
1253 1304 1360 1374 telum

330 1429 400 1493 Jam
419 1426 517 1512 redit3
535 1425 588 1494 ille
607 1451 705 1519 super
724 1427 819 1494 dictis
838 1424 982 1493 infensus
998 1424 1115 1492 amaris

329 1547 542 1637 Prosequitur
557 1548 661 1613 victos
676 1571 683 1612 :
699 1547 802 1614 «Non
818 1545 887 1611 haec
901 1544 1080 1611 Trieterica
1096 1542 1189 1610 vobis

330 1664 406 1732 Nox
425 1665 530 1755 patrio
548 1663 589 1730 de
608 1688 698 1731 more
718 1666 804 1731 venit
823 1690 831 1729 :
851 1687 918 1729 non
934 1664 1037 1756 Orgia
1056 1660 1172 1732 Cadmi

331 1783 487 1869 Cernitis,
510 1797 567 1851 aut
586 1782 697 1852 avidas
717 1782 880 1851 Bacchum
901 1781 1058 1850 scelerare
1077 1796 1243 1874 parentes.

331 1902 494 1969 Nebridas
512 1918 546 1969 et
563 1900 692 1995 fragiles
710 1901 838 1995 thyrsos
856 1916 987 1995 portare
1007 1903 1144 1994 putastis

331 2019 499 2089 lmbellem
518 2021 558 2089 ad
578 2023 737 2106 sonitum,
756 2023 964 2114 maribusque
983 2022 1152 2114 incognita
1168 2020 1259 2089 veris

330 2139 429 2207 Foeda
442 2141 590 2208 Celenaea
604 2141 808 2208 committere
825 2138 939 2233 proelia
954 2137 1064 2207 buxo?

330 2259 392 2324 Ilio
409 2256 477 2325 aliae
495 2260 613 2345 caedes,
636 2258 717 2327 alius
737 2258 829 2327 furor
851 2285 858 2325 :
880 2260 924 2326 ite
941 2259 1002 2326 sub
1022 2258 1154 2326 umbras

331 2377 363 2442 Ο
380 2375 501 2462 timidi,
523 2374 722 2470 pauciqueln
740 2379 808 2445 lraec
824 2379 976 2445 intonat:
997 2391 1046 2445 ast
1064 2391 1173 2445 tamen
1190 2374 1241 2445 illi

331 2495 481 2561 Membra
500 2511 637 2588 negant,
656 2495 824 2588 lassusque
843 2496 919 2563 ferit
938 2496 1116 2590 praecordia
1136 2496 1278 2592 sanguis.

330 2617 401 2680 lam
419 2611 545 2681 sublata
562 2639 677 2682 manus
694 2639 801 2682 cassos
818 2615 963 2683 defertur
980 2619 1012 2683 in
1031 2618 1130 2702 ictus,

330 2731 527 2824 Tardatique
545 2732 664 2826 gradus
683 2759 691 2800 :
709 2732 860 2826 clypeum
881 2760 940 2802 nec
957 2737 1095 2803 sustinet
1111 2735 1217 2807 umbo

330 2852 498 2918 Mutatum
519 2850 656 2944 spoliis:
678 2852 804 2946 gelidus
822 2855 908 2922 cadit
928 2855 1030 2922 imber
1047 2851 1168 2925 anhelo

332 2971 466 3037 Pectore
483 2996 490 3037 :
508 2985 578 3037 tum
594 2973 714 3059 crines,
735 2973 947 3066 ardentiaque
964 2998 1024 3041 ora
1038 2974 1184 3043 cruentis

331 3090 488 3177 Roribus,
503 3104 535 3157 et
552 3105 635 3158 tetra
648 3093 844 3161 morientum
859 3093 1052 3187 adspergine
1069 3110 1216 3163 manant.

332 3210 380 3275 Ut
394 3208 458 3291 leo,
475 3211 532 3301 qui
548 3213 670 3303 campis
684 3211 781 3306 longe
797 3213 933 3281 custode
951 3213 1064 3305 fugato

331 3325 489 3417 Massylas
505 3328 659 3420 depastus
673 3355 765 3418 oves,
787 3333 844 3399 ubi
861 3334 1019 3426 sauguine
1035 3331 1140 3401 multo

333 3446 512 3512 Luxuriata
528 3445 643 3534 fames,
660 3453 847 3544 cervixque,
863 3468 896 3520 et
912 3453 985 3521 tabe
1003 3469 1144 3548 gravatae

334 3563 519 3632 Consedere
534 3566 636 3655 jubae,
656 3569 822 3637 mediisin
843 3571 985 3641 caedibus
1002 3575 1108 3643 adstat

335 3684 447 3776 AEger,
463 3685 572 3772 hians,
588 3687 759 3778 victusque
776 3690 856 3758 cibis
876 3717 883 3757 :
903 3716 963 3760 nec
976 3695 1046 3786 jam
1066 3695 1211 3789 amplius
1228 3698 1290 3768 ἰτω

335 3804 541 3873 Crudescunt
557 3829 565 3871 :
582 3820 708 3873 tantum
723 3809 835 3876 vacuis
848 3808 922 3878 serit
935 3838 1010 3882 aera
1023 3812 1132 3899 malis,

335 3920 515 4015 Molliaque
535 3925 637 4015 ejecta
657 3923 812 3995 delambit
830 3928 949 4000 vellera
967 3932 1090 4028 lingua.

383 4041 443 4111 Ille
459 4044 557 4112 etiam
573 4046 700 4115 Thebas
718 4045 847 4139 spoliis,
866 4066 898 4119 et
917 4055 1075 4146 sanguine
1093 4054 1216 4147 plenus
