2812 5258
78 483 172 545 (ω)
396 481 602 536 THEBAIDOS
623 474 727 537 LIBER
750 485 785 536 ll.

39 608 44 621 ’
78 605 147 675 Illis
166 607 392 673 semianimum
412 629 526 696 pecus,
544 629 749 697 excussaeque
768 603 899 671 leonum

77 726 146 792 Ore
163 725 283 817 dapes,
304 739 336 792 et
354 723 436 791 lacte
453 748 539 791 novo
557 721 719 791 domuisse
736 748 886 791 cruorcm

75 845 189 911 Luxus
207 857 265 909 :at
281 844 399 936 Ogygii
416 844 442 909 si
462 841 594 934 quando
614 841 736 909 afflavit
753 841 860 908 Iacchi
892 840 894 846 ’

77 964 187 1029 Saevus
206 961 299 1046 odor,
319 976 397 1030 tunc
416 985 492 1029 saxa
508 986 627 1044 manu,
645 975 723 1029 tunc
741 958 857 1053 pocula
875 959 1048 1052 pulchrum

76 1081 254 1172 Spargere,
273 1094 305 1147 et
324 1081 486 1148 immerito
504 1078 667 1147 sociorum
686 1079 843 1172 sanguine
860 1078 932 1146 fuso

74 1198 262 1264 Instaurare
279 1196 384 1283 diem,
402 1197 563 1290 festasque
580 1221 739 1290 reponere
756 1220 892 1263 mensas.

123 1316 196 1384 Nor
216 1341 269 1401 ea,
288 1340 390 1409 quum
408 1317 503 1384 tacita
521 1315 653 1382 volucer
668 1312 834 1407 Cyllenius
851 1338 932 1381 aura

75 1434 173 1527 Regis
190 1435 339 1504 Echionii
359 1436 468 1503 stratis
485 1433 653 1528 adlapsus,
675 1433 731 1500 ubi
753 1434 866 1526 ingens

73 1551 216 1620 Fuderat
231 1555 368 1647 Assyriis
386 1568 550 1622 exstructa
567 1551 729 1646 tapetibus
745 1549 812 1620 alto

73 1670 224 1739 Membra
240 1686 313 1740 toro
331 1698 339 1740 :
360 1669 436 1765 pro!
456 1696 556 1765 gnara
574 1669 656 1738 nihil
674 1668 823 1737 mortalia
839 1669 896 1737 fati

72 1788 180 1857 Corda
196 1785 264 1856 sui!
282 1791 371 1881 capit
385 1787 438 1855 ille
457 1788 573 1880 dapes,
591 1789 691 1857 habet
708 1788 763 1856 ille
778 1812 943 1881 soporem.

119 1908 214 1972 Tunc
231 1907 338 1972 senior
352 1930 425 1997 quae
438 1907 546 1997 jussus
562 1908 647 1999 agit,
666 1931 730 1974 neu
747 1904 827 1974 falsa
846 1906 947 1973 videri

71 2023 186 2089 Noctis
203 2022 311 2116 imago
326 2037 441 2115 queat,
459 2022 596 2115 longaevi
616 2025 698 2090 vatis
719 2047 837 2114 opacos

71 2140 202 2208 Tiresiae
221 2139 349 2224 vultus,
370 2165 564 2234 vocemque,
581 2156 614 2209 et
634 2139 756 2209 vellera
772 2156 849 2209 nota

69 2256 238 2343 Induitur3
256 2283 403 2327 mansere
422 2284 539 2346 comae,
560 2283 771 2351 propexaque
792 2275 901 2328 mento

70 2376 227 2463 Canities,
249 2375 417 2470 pallorque
434 2402 529 2464 suus3
546 2377 603 2445 sed
622 2377 701 2446 salsa
719 2380 865 2446 cucurrit

69 2493 176 2562 Insula
193 2519 253 2588 per
268 2497 391 2584 crines,
411 2494 598 2589 glaucaeque
609 2497 754 2564 innexus
773 2495 865 2565 olivae

70 2613 232 2681 Vittarum
253 2616 403 2706 provenit
420 2614 543 2700 honos;
564 2613 684 2683 dehinc
704 2630 837 2708 tangere
853 2640 945 2683 ramo

69 2733 219 2820 Pectora,
237 2748 269 2801 et
287 2734 345 2801 has
368 2734 454 2801 visus
469 2737 624 2802 Fatorum
642 2756 835 2826 expromere
852 2754 966 2799 voces:

115 2853 217 2920 «Non
235 2854 341 2921 somni
360 2853 418 2920 tibi
439 2866 568 2945 tempus
586 2855 687 2935 iners,
707 2853 763 2944 qui
782 2863 878 2918 nocte
895 2848 956 2916 sub
973 2846 1038 2916 alta

66 2970 223 3037 Germani
241 2995 354 3039 secure
368 2972 477 3063 jaces:
492 2971 636 3064 ingentia
651 2969 777 3037 dudum

65 3090 146 3155 Acta
160 3104 297 3173 vocant,
316 3113 494 3180 rerumque
514 3112 645 3182 graves,
662 3089 794 3180 ignave,
813 3100 954 3180 paratus.

65 3208 115 3271 Tu
133 3202 251 3292 veluti,
268 3231 423 3301 magnum
441 3209 468 3275 si
482 3208 551 3299 jam
568 3204 757 3275 tollentibus
776 3206 904 3275 Austris

66 3323 196 3390 lonium
213 3326 305 3417 nigra
321 3328 428 3419 jaceat
444 3326 505 3395 sub
521 3327 610 3392 nube
629 3327 796 3418 magister,

64 3444 243 3510 Immemor
260 3466 444 3529 armorum,
460 3447 683 3538 versantisque
700 3470 829 3537 aequora
847 3445 930 3513 clavi

64 3561 252 3646 Cunctaris;
265 3562 399 3653 jamque
417 3563 471 3633 ille
490 3567 600 3647 novis,
619 3566 678 3633 scit
696 3565 800 3645 fama,
817 3563 977 3656 superbus

63 3677 259 3765 Connubiis,
275 3680 425 3771 viresque
441 3698 548 3773 parat,
568 3682 640 3776 quis
658 3708 758 3777 regna
775 3698 937 3776 capessat,

62 3795 148 3883 Quis
165 3809 283 3888 neget:
303 3798 402 3889 inque
417 3821 475 3866 sua
489 3803 613 3870 senium
630 3803 691 3870 sibi
709 3802 849 3871 destinat
865 3801 948 3872 auia.

61 3918 152 3983 Dant
170 3916 297 3995 animos
317 3940 409 3984 socer
425 3920 561 4010 augurio
578 3920 682 3989 fatalis
699 3919 869 4007 Adrastus,

60 4031 261 4128 Dotalesque
276 4038 356 4129 Argi
376 4062 384 4103 :
403 4060 463 4104 nec
482 4061 549 4106 uon
567 4040 600 4107 in
620 4039 741 4107 foedera
758 4042 832 4107 vitae
