2812 5258
294 504 349 540 ora
598 487 807 539 'l'llEBAlDOS
829 488 938 540 LIBER
960 487 1010 541 xl.
1206 486 1237 545 (r.
1253 487 1324 545 205.)

341 613 440 678 Sacra
455 611 527 678 Jovi
548 612 666 676 merito
683 610 801 701 Tyrius
818 633 879 700 pro
899 608 1036 675 fulmine
1056 608 1174 675 ductor

294 732 520 822 Nequicquam
538 732 669 797 Danaos
687 743 778 796 ratus
797 752 979 796 exarmasse
997 727 1128 795 ferebat.

296 851 362 916 >lec
383 864 475 941 pater
491 849 664 935 ethereus,
681 850 870 941 Divumque
890 849 948 916 has
969 846 1056 916 ullus
1074 848 1116 915 ad
1136 872 1227 931 aras,

190 964 197 973 ’
292 969 352 1037 Sed
372 968 457 1037 mala
470 970 650 1062 Tisiphone
668 970 804 1062 trepidis
823 971 942 1035 inserta
960 969 1118 1036 ministris

293 1089 423 1174 Adstat,
443 1106 477 1158 et
497 1089 626 1156 inlerno
645 1089 809 1181 praevertit
830 1102 904 1156 vota
921 1091 1073 1155 Tonanti.

340 1211 504 1276 «Summe
524 1213 647 1292 Deum,
663 1209 722 1275 tibi
741 1232 883 1299 namque
898 1232 977 1274 meae
996 1208 1173 1299 primordia
1186 1208 1336 1297 Tlrebae,l

293 1331 406 1395 liveat
428 1328 597 1397 infandum
615 1327 690 1396 licet
709 1333 831 1421 Argos,
852 1342 885 1393 et
902 1351 1016 1420 aspera
1033 1330 1136 1412 luno,

292 1449 438 1534 Debent,
460 1448 611 1516 Sidonios
630 1472 668 1514 ex
687 1471 753 1540 quo
770 1471 829 1538 per
848 1445 959 1514 littora
975 1460 1090 1539 raptor

290 1569 442 1634 'l'urbasti
460 1569 606 1659 thyasos,
623 1566 779 1660 dignatus
795 1565 922 1659 virgine
943 1581 1056 1632 nostra

290 1691 395 1780 Terga
414 1689 532 1779 premi,
551 1702 585 1754 et
604 1684 748 1778 placidas
765 1685 884 1753 falsum
900 1685 1028 1778 mugire
1044 1710 1102 1778 per
1119 1683 1241 1754 undas!

291 1809 358 1875 Nec
376 1822 407 1874 te
425 1832 508 1874 vana
524 1805 619 1893 lides,
641 1807 760 1873 iterum
774 1774 931 1874 ‘Cadmeia
947 1804 1102 1899 adeptum

291 1928 484 2011 Connubia,
504 1940 536 1993 et
552 1927 669 2020 Tyrios
687 1926 825 1993 nimium
842 1926 998 2018 irrupisse
1016 1941 1159 2019 penates.

289 2046 453 2133 Tandem,
470 2048 620 2138 inquam,
639 2070 782 2129 sooeros,
799 2044 983 2138 dilectaque
999 2046 1120 2113 moenia
1134 2062 1248 2138 gratus

291 2167 450 2257 Respicis,
467 2180 675 2256 assertorque
690 2179 784 2232 tonas
800 2190 807 2230 :
826 2189 885 2231 ceu
902 2166 991 2256 regia
1007 2162 1079 2232 coeli

290 2291 457 2350 ¹ltteututa
472 2286 539 2367 tui,
559 2285 605 2350 sic
621 2298 653 2349 te
671 2308 730 2373 pro
751 2283 897 2349 turribus
917 2281 991 2349 altis

293 2402 438 2468 Vidimus
458 2416 631 2493 urgentem
648 2400 768 2483 nubes,
789 2397 917 2489 lateque
935 2400 1113 2494 benignum

291 2519 440 2599 Fulmen,
456 2534 489 2586 et
505 2517 633 2586 auditos
649 2519 776 2610 proavis
792 2519 985 2610 agnovimus
1006 2520 1106 2611 ignes.

290 2642 408 2732 Accipe
428 2663 516 2706 nune
535 2637 691 2730 pecudes,
710 2652 743 2704 et
761 2639 870 2730 magni
889 2637 994 2705 thuris
1014 2663 1161 2725 acervos,

290 2760 511 2850 votivumque
531 2782 680 2826 marem:
700 2756 816 2851 diguus
835 2758 890 2826 scd
907 2758 1047 2850 pendere
1067 2776 1175 2852 grates

292 2878 385 2946 llnud
400 2877 537 2946 mortale
552 2903 634 2972 opus
652 2895 722 2946 est:
741 2893 868 2947 certent
884 2878 941 2946 tibi
957 2877 1093 2946 reddere
1107 2880 1254 2949 Bacchus

290 3001 410 3066 Noster
427 3013 460 3064 et
480 2997 611 3067 Alcides
628 3024 635 3063 :
657 2997 721 3066 illis
738 2999 806 3064 haec
823 2997 940 3063 moenia
959 3021 1091 3066 serva.»

337 3120 497 3186 Dixerat:
520 3134 571 3185 ast
587 3117 634 3185 illi
651 3119 743 3210 niger
763 3117 845 3208 ignis
864 3116 897 3181 in
918 3140 975 3183 ora
998 3142 1161 3211 genasque

288 3237 456 3323 Prosiluit,
479 3252 674 3329 raptumque
691 3236 792 3302 comis
811 3233 959 3303 diadema
980 3240 1144 3305 cremavit.

182 3376 186 3383 ·
287 3359 380 3422 'l'uoc
400 3355 487 3422 ferus
506 3371 581 3422 ante
600 3356 701 3422 ictum
721 3356 845 3445 spumis
864 3353 1002 3422 delubra
1021 3371 1170 3424 cruentat
1237 3342 1242 3359 ⁸

287 3478 430 3559 Taurus,
445 3489 478 3540 et
492 3474 680 3541 obstantum
694 3471 810 3540 mediis
826 3499 844 3541 e
859 3475 996 3543 coetibus
1010 3477 1076 3542 exit

286 3591 467 3674 Turbidus,
488 3594 600 3660 insano
618 3592 736 3661 feriens
756 3591 871 3660 altaria
890 3618 1002 3660 cornu.

291 3711 476 3804 Diffugiunt
496 3709 624 3795 famuli,
645 3727 677 3779 et
695 3737 802 3806 regem
822 3710 945 3780 solatur
963 3714 1136 3808 haruspex.

287 3837 359 3923 lpse
378 3832 551 3898 instaurari
569 3855 697 3898 sacrum
714 3830 922 3918 malefortis,
940 3835 1058 3927 agique

290 3958 443 4044 Imperat,
464 3967 496 4019 et
512 3936 647 4044 magnos
667 3950 743 4018 ficto
767 3955 884 4045 premit
902 3979 959 4021 ore
977 3957 1119 4024 timores.

230 4132 240 4161 ,
288 4070 403 4157 Qualis
421 4073 477 4138 uhi
495 4067 688 4163 implicitum
706 4072 898 4162 Tirynthius
915 4074 1040 4141 ossibus
1061 4077 1169 4167 ignem
