2812 5258
330 478 385 534 262
695 470 986 527 ADNOTATIONES

369 590 488 645 Lucidus
501 585 539 665 (r.
558 585 630 664 ruo).
653 611 664 636 a
679 588 744 642 Non
758 584 901 641 inamabili
920 583 1007 654 facie,
1020 593 1054 638 ut
1071 600 1289 659 nonnunquam
1304 606 1373 643 nm-

329 682 396 736 brae.
410 703 425 731 s
440 682 585 747 Gnoson,
597 697 627 751 p.
646 676 708 732 125.

372 773 449 828 Solet
464 772 516 827 hoc
525 781 626 843 patere
640 772 723 825 lunen
737 767 775 845 (v.
793 786 847 823 rau
862 765 947 843 sqq.).
969 768 1004 823 In
1017 767 1111 823 animo
1129 766 1218 822 babet
1227 766 1282 823 bic
1296 780 1328 825 et
1340 770 1370 825 in

330 882 408 937 seqq.
423 862 571 935 aliquoties
588 860 745 916 Laodamiae
762 870 791 914 et
804 858 951 914 Protesilai
964 858 1122 928 historiam,
1140 856 1170 911 in
1190 876 1250 931 qua
1270 860 1368 937 Hygi.

329 974 396 1024 nus,
408 954 478 1008 Fab.
492 959 563 1023 rol,
576 953 649 1007 inter
669 952 723 1006 alia
736 953 795 1005 baec
813 950 932 1006 scribit:
946 973 959 999 u
973 950 1072 1023 Itaque
1092 948 1158 1003 fecit
1179 948 1369 1007 simulacrum

331 1064 443 1101 cereum
456 1045 542 1100 simile
556 1044 701 1099 Protesilai
715 1041 859 1117 conjugis,
874 1052 902 1096 et
915 1041 945 1095 in
958 1040 1086 1096 thalamis
1098 1040 1196 1114 posuit
1207 1042 1263 1095 sub
1277 1044 1366 1098 stittu-

329 1137 435 1191 latione
456 1154 597 1190 sacmmm
618 1145 723 1189 etcum
744 1134 837 1188 colere
851 1132 965 1204 coepit.»
979 1131 1068 1186 Addit
1093 1134 1239 1202 Gronov„
1253 1150 1286 1206 p.
1318 1132 1368 1203 43,

329 1225 493 1298 Apuleium,
508 1226 624 1279 Metam.
638 1222 750 1300 v111[p.
765 1219 1009 1299 nol,Elmenl1.]:
1024 1246 1036 1271 ι
1050 1222 1115 1277 Dies
1134 1231 1211 1277 totos
1230 1232 1366 1299 totasque

329 1327 427 1373 noctes
436 1316 594 1373 insumebat
606 1319 736 1372 luctuoso
751 1313 905 1383 desideri03
919 1323 947 1369 et
955 1312 1104 1388 bnngincm
1118 1311 1263 1383 defuncti,
1278 1332 1366 1389 qnam

329 1408 366 1464 ad
380 1407 506 1463 habitum
524 1407 571 1463 dei
583 1407 679 1463 Liberi
692 1408 842 1476 sonuerat,
856 1402 944 1461 affixo
962 1402 1077 1460 servitio
1093 1402 1199 1461 divinis
1215 1407 1365 1479 percolens

329 1498 500 1570 bonoribus,
513 1499 576 1573 ipso
591 1518 649 1554 sese
662 1498 762 1554 solatio
781 1496 934 1552 cruciabat.
951 1520 963 1545 ι
977 1497 1060 1552 Plura
1074 1494 1103 1549 in
1116 1495 1192 1553 hanc
1204 1514 1268 1552 retn
1287 1500 1365 1555 Gro-

329 1608 412 1661 nou,
426 1590 444 1644 l.
459 1608 483 1645 c.
504 1592 570 1658 Quo
590 1600 706 1645 auctore
725 1587 918 1643 reducendum
933 1587 1015 1642 etiam
1036 1596 1096 1642 erat
1116 1605 1144 1641 v.
1162 1586 1219 1643 ηδ
1239 1606 1278 1645 ex
1298 1598 1364 1644 vett

329 1679 394 1735 edd.
410 1678 493 1754 (adde
507 1679 590 1735 codd.
605 1679 689 1734 Paris.
705 1689 733 1734 et
746 1676 1000 1754 Rbedig.)figura,
1015 1678 1070 1733 abl.
1078 1718 1087 1747 ,
1100 1696 1156 1751 pro
1162 1677 1294 1753 figuras.

369 1771 551 1845 Excubatque
566 1770 602 1845 (r.
620 1770 674 1826 130
683 1768 746 1846 sq.).
754 1770 888 1825 Praeclara
903 1767 938 1824 de
951 1769 995 1824 his
1007 1768 1118 1842 scripsit
1130 1765 1240 1841 Grum,
1252 1788 1278 1827 c.
1292 1788 1363 1840 nn,

329 1880 345 1917 a
358 1879 387 1935 p.
405 1878 459 1916 ran
474 1880 553 1936 sqq.,
568 1879 631 1935 quae
644 1848 762 1938 legenda
776 1880 784 1915 :
798 1861 863 1917 licet
875 1861 936 1933 ipsa
955 1859 1035 1929 Statii
1047 1860 1152 1939 verba,
1164 1860 1251 1917 aliter
1264 1880 1299 1917 nc
1310 1882 1364 1918 vo-

329 1951 427 2023 luerit,
436 1954 525 2027 accipi
538 1953 668 2010 debeant.
683 1953 729 2009 Sic
742 1953 817 2009 enim
831 1972 839 2008 z
853 1956 951 2027 Apage
963 1952 1022 2024 jam
1033 1952 1133 2009 mortis
1145 1954 1363 2029 cogitationem

329 2044 427 2099 natalis
441 2043 500 2099 dies
512 2046 619 2100 Lucani
641 2056 696 2115 est,
710 2063 795 2118 quam
809 2043 992 2099 celebramus.
1005 2042 1083 2098 Finis
1096 2043 1251 2117 carminis,
1265 2046 1364 2103 eodem

330 2137 512 2208 observante,
526 2137 562 2193 ab
576 2137 638 2212 ipso
652 2138 767 2193 Lucano
781 2146 938 2209 sumptum,
950 2152 1021 2206 rur,
1037 2151 1092 2205 7⁰7
1106 2152 1149 2209 sq.
1164 2154 1173 2189 e

432 2273 499 2323 Flere
509 2283 562 2323 reta
575 2275 691 2341 populos;
702 2274 814 2341 lacrymas
826 2273 950 2338 luctusque
963 2270 1075 2322 remitte:

430 2359 490 2406 Tam
500 2357 562 2408 nala
573 2358 681 2424 Pompeii
693 2374 764 2424 quarn
775 2372 888 2425 prospera
901 2354 1004 2405 mundns
1016 2353 1108 2405 udoret.

704 2593 745 2648 ut
764 2592 910 2651 LIBRUM
930 2592 984 2649 111.

367 2770 519 2826 Errsrons.
538 2769 676 2826 fideliter.
695 2771 765 2826 Cod.
784 2771 869 2826 Paris.
889 2771 921 2825 in
938 2787 1026 2845 marg.
1041 2788 1050 2825 ε
1065 2794 1078 2821 ι
1091 2766 1248 2827 ἱαῑὶἀκ.»

374 2862 479 2932 Quiete.
497 2864 567 2917 Pace
586 2861 685 2932 animi3
699 2862 734 2918 cl.
753 2865 901 2932 Gnoson,
918 2880 949 2935 p.
973 2879 1038 2917 121.

370 2953 495 3007 Mecium.
516 2954 586 3009 Cod.
604 2956 688 3011 Paris.
706 2966 734 3011 et
747 2955 791 3010 ed.
810 2973 854 3027 pr.
874 2974 882 3008 a
904 2952 1059 3009 «Novium.
1072 2976 1085 3003 ι

370 3046 541 3099 Potemmus.
555 3045 672 3116 Markl,
690 3057 723 3101 ut
736 3044 819 3101 codd.
837 3056 866 3101 et
881 3044 947 3100 edd.
967 3054 1034 3099 vett.
1056 3064 1092 3100 τι
1109 3052 1254 3119 poteram.
1272 3068 1288 3097 s

371 3136 430 3192 Scit
440 3138 579 3210 quamdiu.
595 3161 607 3186 s
621 3138 644 3193 Ι.
663 3156 687 3193 e.
708 3156 793 3211 quam
806 3155 864 3192 non
879 3137 944 3208 diu,
962 3155 1048 3210 quam
1059 3136 1143 3193 brevi
1155 3148 1290 3213 tenpore
1301 3158 1366 3197 car-

329 3247 394 3283 men
407 3228 477 3284 illud
495 3230 650 3303 scripserim
666 3250 673 3284 :
687 3249 739 3303 per
752 3229 890 3285 contraria
907 3230 1044 3304 loquitur,
1064 3241 1094 3286 et
1108 3231 1248 3287 Batinum
1266 3242 1366 3290 tutem

330 3319 449 3373 advocat
465 3320 627 3376 temeritatis
640 3322 719 3377 istius
738 3321 834 3376 libelli.
850 3346 862 3372 s
882 3322 999 3376 Mum„

370 3410 493 3464 essm
515 3410 538 3465 1.
560 3413 689 3468 Purvoe...
710 3432 771 3468 une
789 3412 828 3490 (v.
846 3411 885 3488 9l.
904 3416 965 3471 «Ut
982 3422 1148 3487 opponatur
1163 3416 1310 3471 msice
1325 3415 1365 3471 illi

331 3518 394 3572 qum
406 3501 521 3554 Herculi
539 3519 616 3556 sacra
636 3514 696 3558 erat
711 3522 757 3559 zv.
775 3504 838 3559 intt.
856 3504 892 3560 nd
912 3504 996 3560 ovid.
1015 3506 1111 3572 ruse,
1136 3522 1165 3575 r,
1186 3504 1267 3579 ⁵81,
1282 3518 1314 3565 et
1329 3506 1364 3562 ud

330 3592 423 3665 Virg„
439 3593 563 3657 AEueid.,
579 3611 649 3661 vm,
664 3612 729 3663 271.
748 3620 760 3644 s
777 3598 895 3650 Mam.
910 3597 1000 3650 versu
1013 3594 1132 3669 praced.
1147 3600 1259 3655 netues·
1268 3610 1313 3655 est
1323 3598 1363 3655 ΙΙ·

329 3683 428 3752 tentis;
443 3693 542 3757 etseq.
559 3686 667 3758 agresti
685 3688 798 3741 Atuuoe
814 3687 930 3742 fortasse
943 3686 1123 3742 referendum
1137 3696 1180 3743 est
1200 3688 1243 3746 ad
1260 3694 1363 3747 Hem-

329 3776 385 3829 lem
399 3773 540 3829 Rusticum
553 3776 597 3831 vcl
611 3776 768 3843 Silvanum,
782 3777 886 3853 dequo
900 3778 1001 3833 Mnrkl.
1015 3776 1084 3832 citat
1095 3778 1215 3837 Saum
1229 3780 1360 3839 adin·

328 3864 418 3939 prid,
433 3865 591 3932 Commod.‚
613 3885 655 3921 10.
670 3868 811 3925 Videntur
832 3870 907 3925 enim
921 3870 998 3925 bunc
1010 3867 1139 3925 statuisse
1151 3868 1184 3925 in
1199 3872 1321 3945 prndi'u
1333 3880 1364 3927 nt

330 3956 416 4012 deum
435 3974 621 4012 arermncum
634 3960 801 4031 predonum
817 3972 847 4016 et
858 3960 1064 4033 malelicoeurn,
1077 3969 1182 4033 utpote
1194 3960 1267 4021 Curi
1278 3963 1363 4021 inte*

330 4047 470 4104 sectorem.
