<?xml version="1.0" encoding="UTF-8"?>
<!DOCTYPE html PUBLIC "-//W3C//DTD XHTML 1.0 Transitional//EN"
    "http://www.w3.org/TR/xhtml1/DTD/xhtml1-transitional.dtd">
<html xmlns="http://www.w3.org/1999/xhtml" xml:lang="en" lang="en">
 <head>
  <title>
</title>
<meta http-equiv="Content-Type" content="text/html;charset=utf-8" />
  <meta name='ocr-system' content='tesseract 3.04.00' />
  <meta name='ocr-capabilities' content='ocr_page ocr_carea ocr_par ocr_line ocrx_word'/>
</head>
<body>
  <div class='ocr_page' id='page_1' title='image "./publiipapiniist01statgoog_0174.png"; bbox 0 0 2812 5258; ppageno 0'>
   <div class='ocr_carea' id='block_1_1' title="bbox 359 452 1376 528">
    <p class='ocr_par' dir='ltr' id='par_1_1' title="bbox 359 452 1376 528">
     <span class='ocr_line' id='line_1_1' title="bbox 359 452 1376 528; baseline -0.016 0"><span class='ocrx_word' id='word_1_1' title='bbox 359 473 413 528; x_wconf 81' lang='grc'><strong>188</strong></span> <span class='ocrx_word' id='word_1_2' title='bbox 666 469 874 524; x_wconf 73' lang='grc' dir='ltr'>ΤΗΕΒΑΙΒΟὸ</span> <span class='ocrx_word' id='word_1_3' title='bbox 895 465 1005 519; x_wconf 82' lang='lat' dir='ltr'>LIBER</span> <span class='ocrx_word' id='word_1_4' title='bbox 1024 464 1046 517; x_wconf 89' lang='grc' dir='ltr'><strong>Ι.</strong></span> <span class='ocrx_word' id='word_1_5' title='bbox 1260 453 1296 516; x_wconf 66' lang='grc'><strong>(*’·</strong></span> <span class='ocrx_word' id='word_1_6' title='bbox 1308 452 1376 511; x_wconf 73' lang='lat'><strong>⁵63·)</strong></span> 
     </span>
    </p>
   </div>
   <div class='ocr_carea' id='block_1_2' title="bbox 356 579 1285 1391">
    <p class='ocr_par' dir='ltr' id='par_1_2' title="bbox 356 579 1281 1275">
     <span class='ocr_line' id='line_1_2' title="bbox 356 579 1245 686; baseline -0.019 -25"><span class='ocrx_word' id='word_1_7' title='bbox 356 595 566 686; x_wconf 90' lang='lat' dir='ltr'><strong>Terrigenam</strong></span> <span class='ocrx_word' id='word_1_8' title='bbox 582 592 747 684; x_wconf 78' lang='lat' dir='ltr'><strong>Pythona,</strong></span> <span class='ocrx_word' id='word_1_9' title='bbox 767 598 855 662; x_wconf 91' lang='lat' dir='ltr'><strong>Deus</strong></span> <span class='ocrx_word' id='word_1_10' title='bbox 874 604 997 682; x_wconf 85' lang='lat' dir='ltr'><strong>septem</strong></span> <span class='ocrx_word' id='word_1_11' title='bbox 1013 582 1147 652; x_wconf 84' lang='lat' dir='ltr'>orbibus</span> <span class='ocrx_word' id='word_1_12' title='bbox 1163 579 1245 646; x_wconf 88' lang='lat' dir='ltr'><strong>atris</strong></span> 
     </span>
     <span class='ocr_line' id='line_1_3' title="bbox 357 708 1281 804; baseline -0.021 -24"><span class='ocrx_word' id='word_1_13' title='bbox 357 709 550 804; x_wconf 81' lang='lat' dir='ltr'><strong>Amplexum</strong></span> <span class='ocrx_word' id='word_1_14' title='bbox 569 710 734 803; x_wconf 86' lang='lat' dir='ltr'><strong>Delphos,</strong></span> <span class='ocrx_word' id='word_1_15' title='bbox 754 709 960 801; x_wconf 83' lang='lat' dir='ltr'><strong>squamisque</strong></span> <span class='ocrx_word' id='word_1_16' title='bbox 979 724 1100 771; x_wconf 88' lang='lat' dir='ltr'><strong>annosa</strong></span> <span class='ocrx_word' id='word_1_17' title='bbox 1121 708 1281 766; x_wconf 87' lang='lat' dir='ltr'><strong>terentem</strong></span> 
     </span>
     <span class='ocr_line' id='line_1_4' title="bbox 358 815 1161 913; baseline -0.02 -15"><span class='ocrx_word' id='word_1_18' title='bbox 358 829 504 913; x_wconf 82' lang='lat' dir='ltr'>Robora,</span> <span class='ocrx_word' id='word_1_19' title='bbox 523 826 673 897; x_wconf 80' lang='lat' dir='ltr'><strong>Castaliis</strong></span> <span class='ocrx_word' id='word_1_20' title='bbox 693 825 770 894; x_wconf 90' lang='lat' dir='ltr'><strong>dum</strong></span> <span class='ocrx_word' id='word_1_21' title='bbox 792 825 935 894; x_wconf 89' lang='lat' dir='ltr'><strong>fontibus</strong></span> <span class='ocrx_word' id='word_1_22' title='bbox 953 845 1009 890; x_wconf 91' lang='lat' dir='ltr'><strong>ore</strong></span> <span class='ocrx_word' id='word_1_23' title='bbox 1026 815 1161 887; x_wconf 89' lang='lat' dir='ltr'><strong>trisulco</strong></span> 
     </span>
     <span class='ocr_line' id='line_1_5' title="bbox 358 941 1144 1038; baseline -0.015 -25"><span class='ocrx_word' id='word_1_24' title='bbox 358 949 462 1013; x_wconf 87' lang='lat' dir='ltr'><strong>Fusus</strong></span> <span class='ocrx_word' id='word_1_25' title='bbox 481 946 567 1031; x_wconf 86' lang='lat' dir='ltr'><strong>hiat,</strong></span> <span class='ocrx_word' id='word_1_26' title='bbox 587 947 682 1038; x_wconf 91' lang='lat' dir='ltr'><strong>nigro</strong></span> <span class='ocrx_word' id='word_1_27' title='bbox 698 945 808 1011; x_wconf 86' lang='lat' dir='ltr'><strong>sitiens</strong></span> <span class='ocrx_word' id='word_1_28' title='bbox 828 941 982 1010; x_wconf 88' lang='lat' dir='ltr'><strong>alimenta</strong></span> <span class='ocrx_word' id='word_1_29' title='bbox 1004 959 1144 1019; x_wconf 88' lang='lat' dir='ltr'><strong>veneno,</strong></span> 
     </span>
     <span class='ocr_line' id='line_1_6' title="bbox 358 1050 1219 1155; baseline -0.016 -23"><span class='ocrx_word' id='word_1_30' title='bbox 358 1063 515 1150; x_wconf 88' lang='lat' dir='ltr'><strong>Perculit,</strong></span> <span class='ocrx_word' id='word_1_31' title='bbox 532 1065 712 1155; x_wconf 88' lang='lat' dir='ltr'><strong>absumptis</strong></span> <span class='ocrx_word' id='word_1_32' title='bbox 732 1085 904 1130; x_wconf 90' lang='lat' dir='ltr'><strong>numerosa</strong></span> <span class='ocrx_word' id='word_1_33' title='bbox 925 1061 958 1126; x_wconf 91' lang='lat' dir='ltr'><strong>in</strong></span> <span class='ocrx_word' id='word_1_34' title='bbox 979 1055 1112 1124; x_wconf 86' lang='lat' dir='ltr'><strong>vulnera</strong></span> <span class='ocrx_word' id='word_1_35' title='bbox 1128 1050 1219 1137; x_wconf 90' lang='lat' dir='ltr'><strong>telis,</strong></span> 
     </span>
     <span class='ocr_line' id='line_1_7' title="bbox 359 1172 1159 1275; baseline -0.014 -26"><span class='ocrx_word' id='word_1_36' title='bbox 359 1182 567 1275; x_wconf 82' lang='lat' dir='ltr'><strong>Cyrrhaeique</strong></span> <span class='ocrx_word' id='word_1_37' title='bbox 586 1180 675 1248; x_wconf 87' lang='lat' dir='ltr'><strong>dedit</strong></span> <span class='ocrx_word' id='word_1_38' title='bbox 694 1196 825 1248; x_wconf 91' lang='lat' dir='ltr'><strong>centum</strong></span> <span class='ocrx_word' id='word_1_39' title='bbox 847 1204 904 1271; x_wconf 89' lang='lat' dir='ltr'><strong>per</strong></span> <span class='ocrx_word' id='word_1_40' title='bbox 916 1179 1031 1270; x_wconf 89' lang='lat' dir='ltr'><strong>jugera</strong></span> <span class='ocrx_word' id='word_1_41' title='bbox 1051 1172 1159 1264; x_wconf 88' lang='lat' dir='ltr'><strong>campi</strong></span> 
     </span>
    </p>

    <p class='ocr_par' dir='ltr' id='par_1_3' title="bbox 359 1285 1285 1391">
     <span class='ocr_line' id='line_1_8' title="bbox 359 1285 1285 1391; baseline -0.014 -24"><span class='ocrx_word' id='word_1_42' title='bbox 359 1301 424 1366; x_wconf 87' lang='lat' dir='ltr'><strong>Vix</strong></span> <span class='ocrx_word' id='word_1_43' title='bbox 441 1299 572 1367; x_wconf 88' lang='lat' dir='ltr'><strong>taudem</strong></span> <span class='ocrx_word' id='word_1_44' title='bbox 591 1297 796 1391; x_wconf 85' lang='lat' dir='ltr'><strong>explicitum,</strong></span> <span class='ocrx_word' id='word_1_45' title='bbox 814 1322 898 1365; x_wconf 87' lang='lat' dir='ltr'><strong>nova</strong></span> <span class='ocrx_word' id='word_1_46' title='bbox 916 1293 1034 1364; x_wconf 88' lang='lat' dir='ltr'><strong>deinde</strong></span> <span class='ocrx_word' id='word_1_47' title='bbox 1053 1287 1182 1385; x_wconf 88' lang='lat' dir='ltr'><strong>piacula</strong></span> <span class='ocrx_word' id='word_1_48' title='bbox 1200 1285 1285 1355; x_wconf 82' lang='lat' dir='ltr'><strong>credi</strong></span> 
     </span>
    </p>
   </div>
   <div class='ocr_carea' id='block_1_3' title="bbox 244 1407 1234 1510">
    <p class='ocr_par' dir='ltr' id='par_1_4' title="bbox 244 1407 1234 1510">
     <span class='ocr_line' id='line_1_9' title="bbox 244 1407 1234 1510; baseline -0.013 -24"><span class='ocrx_word' id='word_1_49' title='bbox 244 1469 247 1475; x_wconf 78' lang='lat'><strong>,</strong></span> <span class='ocrx_word' id='word_1_50' title='bbox 360 1418 573 1510; x_wconf 88' lang='lat' dir='ltr'><strong>Perquirens,</strong></span> <span class='ocrx_word' id='word_1_51' title='bbox 594 1419 697 1485; x_wconf 81' lang='lat' dir='ltr'><strong>nostri</strong></span> <span class='ocrx_word' id='word_1_52' title='bbox 715 1431 798 1486; x_wconf 87' lang='lat' dir='ltr'><strong>tecta</strong></span> <span class='ocrx_word' id='word_1_53' title='bbox 818 1414 906 1483; x_wconf 92' lang='lat' dir='ltr'><strong>haud</strong></span> <span class='ocrx_word' id='word_1_54' title='bbox 925 1412 1079 1506; x_wconf 85' lang='lat' dir='ltr'><strong>opulenta</strong></span> <span class='ocrx_word' id='word_1_55' title='bbox 1095 1407 1234 1499; x_wconf 87' lang='lat' dir='ltr'><strong>Crotopi</strong></span> 
     </span>
    </p>
   </div>
   <div class='ocr_carea' id='block_1_4' title="bbox 360 1525 1349 3875">
    <p class='ocr_par' dir='ltr' id='par_1_5' title="bbox 360 1525 1249 1745">
     <span class='ocr_line' id='line_1_10' title="bbox 360 1525 1249 1628; baseline -0.013 -23"><span class='ocrx_word' id='word_1_56' title='bbox 360 1536 476 1628; x_wconf 82' lang='lat' dir='ltr'><strong>Attigit</strong></span> <span class='ocrx_word' id='word_1_57' title='bbox 493 1561 501 1603; x_wconf 92' lang='lat'><strong>:</strong></span> <span class='ocrx_word' id='word_1_58' title='bbox 519 1536 595 1604; x_wconf 93' lang='lat' dir='ltr'><strong>huic</strong></span> <span class='ocrx_word' id='word_1_59' title='bbox 615 1537 745 1628; x_wconf 89' lang='lat' dir='ltr'><strong>primis,</strong></span> <span class='ocrx_word' id='word_1_60' title='bbox 762 1548 795 1602; x_wconf 88' lang='lat' dir='ltr'><strong>et</strong></span> <span class='ocrx_word' id='word_1_61' title='bbox 814 1535 933 1627; x_wconf 90' lang='lat' dir='ltr'><strong>pubem</strong></span> <span class='ocrx_word' id='word_1_62' title='bbox 950 1528 1138 1599; x_wconf 84' lang='lat' dir='ltr'><strong>ineuntibus</strong></span> <span class='ocrx_word' id='word_1_63' title='bbox 1152 1525 1249 1594; x_wconf 84' lang='lat' dir='ltr'><strong>aunis</strong></span> 
     </span>
     <span class='ocr_line' id='line_1_11' title="bbox 362 1652 1076 1745; baseline -0.006 -26"><span class='ocrx_word' id='word_1_64' title='bbox 362 1654 448 1719; x_wconf 89' lang='lat' dir='ltr'><strong>Mira</strong></span> <span class='ocrx_word' id='word_1_65' title='bbox 469 1652 586 1720; x_wconf 93' lang='lat' dir='ltr'><strong>decore</strong></span> <span class='ocrx_word' id='word_1_66' title='bbox 606 1655 661 1745; x_wconf 94' lang='lat' dir='ltr'><strong>pio</strong></span> <span class='ocrx_word' id='word_1_67' title='bbox 680 1653 827 1720; x_wconf 87' lang='lat' dir='ltr'><strong>servabat</strong></span> <span class='ocrx_word' id='word_1_68' title='bbox 848 1664 924 1718; x_wconf 84' lang='lat' dir='ltr'><strong>nata</strong></span> <span class='ocrx_word' id='word_1_69' title='bbox 941 1662 1076 1741; x_wconf 84' lang='lat' dir='ltr'><strong>penates</strong></span> 
     </span>
    </p>

    <p class='ocr_par' dir='ltr' id='par_1_6' title="bbox 360 1767 1128 1859">
     <span class='ocr_line' id='line_1_12' title="bbox 360 1767 1128 1859; baseline -0.005 -22"><span class='ocrx_word' id='word_1_70' title='bbox 360 1773 557 1838; x_wconf 88' lang='lat' dir='ltr'><strong>Intemerata</strong></span> <span class='ocrx_word' id='word_1_71' title='bbox 576 1771 679 1838; x_wconf 90' lang='lat' dir='ltr'><strong>toris:</strong></span> <span class='ocrx_word' id='word_1_72' title='bbox 697 1768 788 1855; x_wconf 86' lang='lat' dir='ltr'><strong>felix,</strong></span> <span class='ocrx_word' id='word_1_73' title='bbox 805 1771 832 1837; x_wconf 89' lang='lat' dir='ltr'><strong>si</strong></span> <span class='ocrx_word' id='word_1_74' title='bbox 850 1767 944 1838; x_wconf 89' lang='lat' dir='ltr'><strong>Delia</strong></span> <span class='ocrx_word' id='word_1_75' title='bbox 961 1789 1128 1859; x_wconf 90' lang='lat' dir='ltr'><strong>nunquam</strong></span> 
     </span>
    </p>

    <p class='ocr_par' dir='ltr' id='par_1_7' title="bbox 361 1880 1349 2336">
     <span class='ocr_line' id='line_1_13' title="bbox 361 1880 1226 1975; baseline -0.006 -19"><span class='ocrx_word' id='word_1_76' title='bbox 361 1893 478 1975; x_wconf 88' lang='lat' dir='ltr'><strong>Furta,</strong></span> <span class='ocrx_word' id='word_1_77' title='bbox 500 1914 561 1957; x_wconf 90' lang='lat' dir='ltr'><strong>nec</strong></span> <span class='ocrx_word' id='word_1_78' title='bbox 580 1887 745 1957; x_wconf 92' lang='lat' dir='ltr'><strong>occultum</strong></span> <span class='ocrx_word' id='word_1_79' title='bbox 761 1888 883 1956; x_wconf 88' lang='lat' dir='ltr'><strong>Phoebo</strong></span> <span class='ocrx_word' id='word_1_80' title='bbox 899 1888 1051 1955; x_wconf 88' lang='lat' dir='ltr'><strong>sociasset</strong></span> <span class='ocrx_word' id='word_1_81' title='bbox 1066 1880 1226 1953; x_wconf 86' lang='lat' dir='ltr'><strong>amorem!</strong></span> 
     </span>
     <span class='ocr_line' id='line_1_14' title="bbox 363 1992 1349 2101; baseline -0.008 -24"><span class='ocrx_word' id='word_1_82' title='bbox 363 2010 512 2100; x_wconf 88' lang='lat' dir='ltr'><strong>Namque</strong></span> <span class='ocrx_word' id='word_1_83' title='bbox 532 2023 569 2075; x_wconf 89' lang='lat' dir='ltr'><strong>ut</strong></span> <span class='ocrx_word' id='word_1_84' title='bbox 589 2032 681 2101; x_wconf 92' lang='lat' dir='ltr'><strong>passa</strong></span> <span class='ocrx_word' id='word_1_85' title='bbox 696 2011 805 2076; x_wconf 91' lang='lat' dir='ltr'><strong>Deum</strong></span> <span class='ocrx_word' id='word_1_86' title='bbox 824 1992 967 2077; x_wconf 70' lang='lat' dir='ltr'><strong>Nemeaei</strong></span> <span class='ocrx_word' id='word_1_87' title='bbox 987 2004 1028 2072; x_wconf 87' lang='lat' dir='ltr'><strong>ad</strong></span> <span class='ocrx_word' id='word_1_88' title='bbox 1045 2003 1188 2072; x_wconf 86' lang='lat' dir='ltr'><strong>fluminis</strong></span> <span class='ocrx_word' id='word_1_89' title='bbox 1203 2000 1349 2087; x_wconf 77' lang='lat' dir='ltr'><strong>undem,</strong></span> 
     </span>
     <span class='ocr_line' id='line_1_15' title="bbox 365 2121 1215 2219; baseline -0.005 -26"><span class='ocrx_word' id='word_1_90' title='bbox 365 2127 418 2194; x_wconf 86' lang='lat' dir='ltr'><strong>Bis</strong></span> <span class='ocrx_word' id='word_1_91' title='bbox 434 2128 551 2219; x_wconf 92' lang='lat' dir='ltr'><strong>quinos</strong></span> <span class='ocrx_word' id='word_1_92' title='bbox 569 2125 665 2219; x_wconf 85' lang='lat' dir='ltr'><strong>plena</strong></span> <span class='ocrx_word' id='word_1_93' title='bbox 680 2150 783 2219; x_wconf 92' lang='lat' dir='ltr'><strong>quum</strong></span> <span class='ocrx_word' id='word_1_94' title='bbox 799 2125 906 2193; x_wconf 80' lang='lat' dir='ltr'><strong>fronte</strong></span> <span class='ocrx_word' id='word_1_95' title='bbox 923 2137 1101 2193; x_wconf 86' lang='lat' dir='ltr'><strong>resumeret</strong></span> <span class='ocrx_word' id='word_1_96' title='bbox 1115 2121 1215 2190; x_wconf 84' lang='lat' dir='ltr'><strong>orbes</strong></span> 
     </span>
     <span class='ocr_line' id='line_1_16' title="bbox 362 2242 1118 2336; baseline -0.005 -23"><span class='ocrx_word' id='word_1_97' title='bbox 362 2244 520 2336; x_wconf 88' lang='lat' dir='ltr'><strong>Cynthia,</strong></span> <span class='ocrx_word' id='word_1_98' title='bbox 539 2244 700 2313; x_wconf 90' lang='lat' dir='ltr'><strong>sidereum</strong></span> <span class='ocrx_word' id='word_1_99' title='bbox 719 2246 852 2313; x_wconf 75' lang='lat' dir='ltr'><strong>Latonae</strong></span> <span class='ocrx_word' id='word_1_100' title='bbox 869 2242 946 2311; x_wconf 89' lang='lat' dir='ltr'><strong>soeta</strong></span> <span class='ocrx_word' id='word_1_101' title='bbox 966 2256 1118 2335; x_wconf 90' lang='lat' dir='ltr'><strong>nepotem</strong></span> 
     </span>
    </p>

    <p class='ocr_par' dir='ltr' id='par_1_8' title="bbox 363 2357 1305 2574">
     <span class='ocr_line' id='line_1_17' title="bbox 364 2357 1305 2455; baseline -0.001 -26"><span class='ocrx_word' id='word_1_102' title='bbox 364 2362 497 2430; x_wconf 88' lang='lat' dir='ltr'><strong>Edidit:</strong></span> <span class='ocrx_word' id='word_1_103' title='bbox 517 2387 554 2431; x_wconf 93' lang='lat' dir='ltr'><strong>ac</strong></span> <span class='ocrx_word' id='word_1_104' title='bbox 574 2388 676 2455; x_wconf 83' lang='lat' dir='ltr'><strong>poenae</strong></span> <span class='ocrx_word' id='word_1_105' title='bbox 695 2378 862 2449; x_wconf 90' lang='lat' dir='ltr'><strong>metuens,</strong></span> <span class='ocrx_word' id='word_1_106' title='bbox 880 2386 985 2454; x_wconf 88' lang='lat' dir='ltr'><strong>neque</strong></span> <span class='ocrx_word' id='word_1_107' title='bbox 1004 2362 1092 2430; x_wconf 89' lang='lat' dir='ltr'><strong>enim</strong></span> <span class='ocrx_word' id='word_1_108' title='bbox 1109 2357 1165 2428; x_wconf 92' lang='lat' dir='ltr'><strong>ille</strong></span> <span class='ocrx_word' id='word_1_109' title='bbox 1181 2360 1305 2428; x_wconf 80' lang='lat' dir='ltr'><strong>coactis</strong></span> 
     </span>
     <span class='ocr_line' id='line_1_18' title="bbox 363 2479 1149 2574; baseline -0.004 -25"><span class='ocrx_word' id='word_1_110' title='bbox 363 2483 524 2549; x_wconf 88' lang='lat' dir='ltr'><strong>Donasset</strong></span> <span class='ocrx_word' id='word_1_111' title='bbox 545 2479 695 2548; x_wconf 93' lang='lat' dir='ltr'><strong>thalamis</strong></span> <span class='ocrx_word' id='word_1_112' title='bbox 714 2483 842 2549; x_wconf 84' lang='lat' dir='ltr'><strong>veniam</strong></span> <span class='ocrx_word' id='word_1_113' title='bbox 860 2497 963 2574; x_wconf 88' lang='lat' dir='ltr'><strong>pater,</strong></span> <span class='ocrx_word' id='word_1_114' title='bbox 979 2481 1051 2549; x_wconf 87' lang='lat' dir='ltr'><strong>avia</strong></span> <span class='ocrx_word' id='word_1_115' title='bbox 1071 2502 1149 2548; x_wconf 89' lang='lat' dir='ltr'><strong>rura</strong></span> 
     </span>
    </p>

    <p class='ocr_par' dir='ltr' id='par_1_9' title="bbox 362 2597 1170 2812">
     <span class='ocr_line' id='line_1_19' title="bbox 362 2597 1135 2693; baseline -0.001 -28"><span class='ocrx_word' id='word_1_116' title='bbox 362 2597 477 2693; x_wconf 81' lang='lat' dir='ltr'><strong>Eligit,</strong></span> <span class='ocrx_word' id='word_1_117' title='bbox 495 2623 532 2667; x_wconf 89' lang='lat' dir='ltr'><strong>ac</strong></span> <span class='ocrx_word' id='word_1_118' title='bbox 550 2614 664 2665; x_wconf 86' lang='lat' dir='ltr'><strong>natum</strong></span> <span class='ocrx_word' id='word_1_119' title='bbox 681 2614 769 2692; x_wconf 89' lang='lat' dir='ltr'><strong>septa</strong></span> <span class='ocrx_word' id='word_1_120' title='bbox 791 2600 876 2667; x_wconf 87' lang='lat' dir='ltr'><strong>inter</strong></span> <span class='ocrx_word' id='word_1_121' title='bbox 892 2598 991 2667; x_wconf 88' lang='lat' dir='ltr'><strong>ovilia</strong></span> <span class='ocrx_word' id='word_1_122' title='bbox 1007 2598 1135 2667; x_wconf 76' lang='lat' dir='ltr'><strong>furtim·</strong></span> 
     </span>
     <span class='ocr_line' id='line_1_20' title="bbox 363 2715 1170 2812; baseline -0.001 -27"><span class='ocrx_word' id='word_1_123' title='bbox 363 2719 556 2812; x_wconf 86' lang='lat' dir='ltr'><strong>Montivago</strong></span> <span class='ocrx_word' id='word_1_124' title='bbox 572 2719 698 2809; x_wconf 90' lang='lat' dir='ltr'><strong>pecoris</strong></span> <span class='ocrx_word' id='word_1_125' title='bbox 715 2717 841 2785; x_wconf 90' lang='lat' dir='ltr'><strong>custodi</strong></span> <span class='ocrx_word' id='word_1_126' title='bbox 859 2717 994 2786; x_wconf 92' lang='lat' dir='ltr'><strong>mandat</strong></span> <span class='ocrx_word' id='word_1_127' title='bbox 1008 2715 1170 2786; x_wconf 88' lang='lat' dir='ltr'><strong>alendum.</strong></span> 
     </span>
    </p>

    <p class='ocr_par' dir='ltr' id='par_1_10' title="bbox 362 2834 1341 3758">
     <span class='ocr_line' id='line_1_21' title="bbox 364 2834 1197 2931; baseline -0.002 -27"><span class='ocrx_word' id='word_1_128' title='bbox 364 2837 439 2904; x_wconf 88' lang='lat' dir='ltr'><strong>Non</strong></span> <span class='ocrx_word' id='word_1_129' title='bbox 458 2837 518 2904; x_wconf 92' lang='lat' dir='ltr'><strong>tibi</strong></span> <span class='ocrx_word' id='word_1_130' title='bbox 538 2836 654 2929; x_wconf 90' lang='lat' dir='ltr'><strong>digna,</strong></span> <span class='ocrx_word' id='word_1_131' title='bbox 674 2861 766 2929; x_wconf 90' lang='lat' dir='ltr'><strong>puer,</strong></span> <span class='ocrx_word' id='word_1_132' title='bbox 787 2838 914 2931; x_wconf 89' lang='lat' dir='ltr'><strong>generis</strong></span> <span class='ocrx_word' id='word_1_133' title='bbox 934 2834 1097 2905; x_wconf 90' lang='lat' dir='ltr'><strong>cunabula</strong></span> <span class='ocrx_word' id='word_1_134' title='bbox 1113 2836 1197 2905; x_wconf 84' lang='lat' dir='ltr'><strong>tanti</strong></span> 
     </span>
     <span class='ocr_line' id='line_1_22' title="bbox 363 2954 1238 3047; baseline -0.001 -24"><span class='ocrx_word' id='word_1_135' title='bbox 363 2955 558 3023; x_wconf 88' lang='lat' dir='ltr'><strong>Gramineos</strong></span> <span class='ocrx_word' id='word_1_136' title='bbox 575 2954 665 3023; x_wconf 89' lang='lat' dir='ltr'><strong>dedit</strong></span> <span class='ocrx_word' id='word_1_137' title='bbox 682 2955 783 3024; x_wconf 84' lang='lat' dir='ltr'><strong>herba</strong></span> <span class='ocrx_word' id='word_1_138' title='bbox 799 2971 904 3043; x_wconf 92' lang='lat' dir='ltr'><strong>toros,</strong></span> <span class='ocrx_word' id='word_1_139' title='bbox 923 2970 955 3024; x_wconf 87' lang='lat' dir='ltr'><strong>et</strong></span> <span class='ocrx_word' id='word_1_140' title='bbox 971 2956 1093 3023; x_wconf 88' lang='lat' dir='ltr'><strong>vimine</strong></span> <span class='ocrx_word' id='word_1_141' title='bbox 1110 2977 1238 3047; x_wconf 87' lang='lat' dir='ltr'><strong>querno</strong></span> 
     </span>
     <span class='ocr_line' id='line_1_23' title="bbox 363 3069 1215 3143; baseline -0.001 -3"><span class='ocrx_word' id='word_1_142' title='bbox 363 3076 465 3141; x_wconf 81' lang='lat' dir='ltr'><strong>Texta</strong></span> <span class='ocrx_word' id='word_1_143' title='bbox 481 3072 597 3142; x_wconf 90' lang='lat' dir='ltr'><strong>domus</strong></span> <span class='ocrx_word' id='word_1_144' title='bbox 618 3099 625 3140; x_wconf 93' lang='lat'>:</span> <span class='ocrx_word' id='word_1_145' title='bbox 646 3072 754 3142; x_wconf 89' lang='lat' dir='ltr'><strong>clausa</strong></span> <span class='ocrx_word' id='word_1_146' title='bbox 774 3075 903 3143; x_wconf 91' lang='lat' dir='ltr'><strong>arbutei</strong></span> <span class='ocrx_word' id='word_1_147' title='bbox 920 3075 980 3143; x_wconf 88' lang='lat' dir='ltr'><strong>sub</strong></span> <span class='ocrx_word' id='word_1_148' title='bbox 1000 3075 1120 3142; x_wconf 89' lang='lat' dir='ltr'><strong>cortice</strong></span> <span class='ocrx_word' id='word_1_149' title='bbox 1138 3069 1215 3140; x_wconf 91' lang='lat' dir='ltr'><strong>libri</strong></span> 
     </span>
     <span class='ocr_line' id='line_1_24' title="bbox 362 3189 1341 3287; baseline 0.003 -29"><span class='ocrx_word' id='word_1_150' title='bbox 362 3193 513 3259; x_wconf 90' lang='lat' dir='ltr'><strong>Membra</strong></span> <span class='ocrx_word' id='word_1_151' title='bbox 533 3207 660 3287; x_wconf 90' lang='lat' dir='ltr'><strong>tepent,</strong></span> <span class='ocrx_word' id='word_1_152' title='bbox 679 3194 857 3286; x_wconf 89' lang='lat' dir='ltr'><strong>suadetque</strong></span> <span class='ocrx_word' id='word_1_153' title='bbox 871 3192 957 3262; x_wconf 88' lang='lat' dir='ltr'><strong>leves</strong></span> <span class='ocrx_word' id='word_1_154' title='bbox 973 3217 1051 3261; x_wconf 90' lang='lat' dir='ltr'><strong>cava</strong></span> <span class='ocrx_word' id='word_1_155' title='bbox 1065 3189 1174 3260; x_wconf 87' lang='lat' dir='ltr'><strong>fistula</strong></span> <span class='ocrx_word' id='word_1_156' title='bbox 1191 3216 1341 3277; x_wconf 82' lang='lat' dir='ltr'><strong>somnos,</strong></span> 
     </span>
     <span class='ocr_line' id='line_1_25' title="bbox 364 3309 1216 3401; baseline 0.005 -26"><span class='ocrx_word' id='word_1_157' title='bbox 364 3312 406 3376; x_wconf 86' lang='lat' dir='ltr'><strong>Et</strong></span> <span class='ocrx_word' id='word_1_158' title='bbox 424 3313 532 3401; x_wconf 91' lang='lat' dir='ltr'><strong>pecori</strong></span> <span class='ocrx_word' id='word_1_159' title='bbox 552 3337 726 3380; x_wconf 90' lang='lat' dir='ltr'><strong>commune</strong></span> <span class='ocrx_word' id='word_1_160' title='bbox 745 3311 869 3394; x_wconf 72' lang='lat' dir='ltr'><strong>solum,</strong></span> <span class='ocrx_word' id='word_1_161' title='bbox 885 3311 940 3379; x_wconf 91' lang='lat' dir='ltr'><strong>sed</strong></span> <span class='ocrx_word' id='word_1_162' title='bbox 959 3311 1023 3380; x_wconf 86' lang='lat' dir='ltr'><strong>fato</strong></span> <span class='ocrx_word' id='word_1_163' title='bbox 1043 3336 1102 3380; x_wconf 90' lang='lat' dir='ltr'><strong>nec</strong></span> <span class='ocrx_word' id='word_1_164' title='bbox 1122 3309 1216 3379; x_wconf 90' lang='lat' dir='ltr'><strong>illum</strong></span> 
     </span>
     <span class='ocr_line' id='line_1_26' title="bbox 365 3427 1164 3521; baseline 0.004 -25"><span class='ocrx_word' id='word_1_165' title='bbox 365 3430 559 3496; x_wconf 91' lang='lat' dir='ltr'><strong>Concessere</strong></span> <span class='ocrx_word' id='word_1_166' title='bbox 580 3427 703 3497; x_wconf 91' lang='lat' dir='ltr'><strong>larem:</strong></span> <span class='ocrx_word' id='word_1_167' title='bbox 722 3430 816 3498; x_wconf 84' lang='lat' dir='ltr'><strong>viridi</strong></span> <span class='ocrx_word' id='word_1_168' title='bbox 835 3454 912 3496; x_wconf 89' lang='lat' dir='ltr'><strong>narn</strong></span> <span class='ocrx_word' id='word_1_169' title='bbox 928 3432 1051 3521; x_wconf 85' lang='lat' dir='ltr'><strong>cespite</strong></span> <span class='ocrx_word' id='word_1_170' title='bbox 1071 3446 1164 3499; x_wconf 81' lang='lat' dir='ltr'><strong>terrae</strong></span> 
     </span>
     <span class='ocr_line' id='line_1_27' title="bbox 364 3545 1308 3641; baseline 0.003 -26"><span class='ocrx_word' id='word_1_171' title='bbox 364 3547 548 3638; x_wconf 87' lang='lat' dir='ltr'><strong>Projectum</strong></span> <span class='ocrx_word' id='word_1_172' title='bbox 567 3560 702 3633; x_wconf 87' lang='lat' dir='ltr'><strong>temere,</strong></span> <span class='ocrx_word' id='word_1_173' title='bbox 723 3563 756 3615; x_wconf 91' lang='lat' dir='ltr'><strong>et</strong></span> <span class='ocrx_word' id='word_1_174' title='bbox 775 3545 887 3641; x_wconf 91' lang='lat' dir='ltr'><strong>patulo</strong></span> <span class='ocrx_word' id='word_1_175' title='bbox 904 3546 1022 3615; x_wconf 90' lang='lat' dir='ltr'><strong>coelum</strong></span> <span class='ocrx_word' id='word_1_176' title='bbox 1040 3573 1097 3617; x_wconf 93' lang='lat' dir='ltr'><strong>ore</strong></span> <span class='ocrx_word' id='word_1_177' title='bbox 1116 3550 1308 3619; x_wconf 88' lang='lat' dir='ltr'><strong>trahentem</strong></span> 
     </span>
     <span class='ocr_line' id='line_1_28' title="bbox 364 3663 1172 3758; baseline 0.004 -25"><span class='ocrx_word' id='word_1_178' title='bbox 364 3666 445 3733; x_wconf 92' lang='lat' dir='ltr'><strong>Dira</strong></span> <span class='ocrx_word' id='word_1_179' title='bbox 462 3688 580 3732; x_wconf 90' lang='lat' dir='ltr'><strong>canum</strong></span> <span class='ocrx_word' id='word_1_180' title='bbox 599 3663 722 3748; x_wconf 90' lang='lat' dir='ltr'><strong>rabies,</strong></span> <span class='ocrx_word' id='word_1_181' title='bbox 742 3690 853 3733; x_wconf 92' lang='lat' dir='ltr'><strong>morsu</strong></span> <span class='ocrx_word' id='word_1_182' title='bbox 873 3665 1005 3758; x_wconf 86' lang='lat' dir='ltr'><strong>depasta</strong></span> <span class='ocrx_word' id='word_1_183' title='bbox 1020 3682 1172 3753; x_wconf 84' lang='lat' dir='ltr'><strong>cruento,</strong></span> 
     </span>
    </p>

    <p class='ocr_par' dir='ltr' id='par_1_11' title="bbox 366 3784 1188 3875">
     <span class='ocr_line' id='line_1_29' title="bbox 366 3784 1188 3875; baseline 0.004 -23"><span class='ocrx_word' id='word_1_184' title='bbox 366 3784 494 3875; x_wconf 88' lang='lat' dir='ltr'><strong>Disjicit</strong></span> <span class='ocrx_word' id='word_1_185' title='bbox 512 3809 520 3851; x_wconf 75' lang='grc' dir='ltr'><em>τ</em></span> <span class='ocrx_word' id='word_1_186' title='bbox 541 3784 595 3852; x_wconf 91' lang='lat' dir='ltr'><strong>hic</strong></span> <span class='ocrx_word' id='word_1_187' title='bbox 613 3808 691 3851; x_wconf 87' lang='lat' dir='ltr'><strong>vero</strong></span> <span class='ocrx_word' id='word_1_188' title='bbox 711 3785 867 3852; x_wconf 86' lang='lat' dir='ltr'><strong>attonitas</strong></span> <span class='ocrx_word' id='word_1_189' title='bbox 887 3799 924 3853; x_wconf 94' lang='lat' dir='ltr'><strong>ut</strong></span> <span class='ocrx_word' id='word_1_190' title='bbox 941 3789 1077 3855; x_wconf 89' lang='lat' dir='ltr'><strong>nuntius</strong></span> <span class='ocrx_word' id='word_1_191' title='bbox 1092 3811 1188 3855; x_wconf 88' lang='lat' dir='ltr'><strong>aures</strong></span> 
     </span>
    </p>
   </div>
   <div class='ocr_carea' id='block_1_5' title="bbox 366 3899 1324 4127">
    <p class='ocr_par' dir='ltr' id='par_1_12' title="bbox 366 3899 1324 4127">
     <span class='ocr_line' id='line_1_30' title="bbox 366 3899 1324 4002; baseline 0.006 -32"><span class='ocrx_word' id='word_1_192' title='bbox 366 3903 482 3971; x_wconf 89' lang='lat' dir='ltr'><strong>Matris</strong></span> <span class='ocrx_word' id='word_1_193' title='bbox 498 3901 586 3990; x_wconf 88' lang='lat' dir='ltr'><strong>adit,</strong></span> <span class='ocrx_word' id='word_1_194' title='bbox 606 3899 691 3996; x_wconf 92' lang='lat' dir='ltr'><strong>pulsi</strong></span> <span class='ocrx_word' id='word_1_195' title='bbox 708 3927 748 3970; x_wconf 82' lang='lat' dir='ltr'><strong>ex</strong></span> <span class='ocrx_word' id='word_1_196' title='bbox 765 3904 875 3971; x_wconf 84' lang='lat' dir='ltr'><strong>animo</strong></span> <span class='ocrx_word' id='word_1_197' title='bbox 897 3907 1107 3998; x_wconf 84' lang='lat' dir='ltr'><strong>genitorque,</strong></span> <span class='ocrx_word' id='word_1_198' title='bbox 1128 3904 1324 4002; x_wconf 88' lang='lat' dir='ltr'><strong>pudorque,</strong></span> 
     </span>
     <span class='ocr_line' id='line_1_31' title="bbox 367 4018 1221 4127; baseline 0 -36"><span class='ocrx_word' id='word_1_199' title='bbox 367 4025 408 4092; x_wconf 85' lang='lat' dir='ltr'><strong>Et</strong></span> <span class='ocrx_word' id='word_1_200' title='bbox 422 4035 529 4090; x_wconf 87' lang='lat' dir='ltr'><strong>metus</strong></span> <span class='ocrx_word' id='word_1_201' title='bbox 546 4047 554 4088; x_wconf 72' lang='grc' dir='ltr'><em>τ</em></span> <span class='ocrx_word' id='word_1_202' title='bbox 572 4021 642 4114; x_wconf 91' lang='lat' dir='ltr'><strong>ipsa</strong></span> <span class='ocrx_word' id='word_1_203' title='bbox 659 4018 747 4091; x_wconf 91' lang='lat' dir='ltr'><strong>ultro</strong></span> <span class='ocrx_word' id='word_1_204' title='bbox 764 4022 858 4090; x_wconf 70' lang='lat' dir='ltr'><strong>sceris</strong></span> <span class='ocrx_word' id='word_1_205' title='bbox 876 4021 1089 4117; x_wconf 80' lang='lat' dir='ltr'><strong>plangoribus</strong></span> <span class='ocrx_word' id='word_1_206' title='bbox 1106 4046 1221 4127; x_wconf 84' lang='lat' dir='ltr'><strong>amens</strong></span> 
     </span>
    </p>
   </div>
   <div class='ocr_carea' id='block_1_6' title="bbox 0 0 1427 5258">
    <p class='ocr_par' dir='ltr' id='par_1_13' title="bbox 0 0 1427 5258">
     <span class='ocr_line' id='line_1_32' title="bbox 0 0 1427 5258; baseline 0 0"><span class='ocrx_word' id='word_1_207' title='bbox 0 0 1427 5258; x_wconf 95' lang='lat' dir='ltr'><strong> </strong></span> 
     </span>
    </p>
   </div>
  </div>
 </body>
</html>
