2812 5258
190 410 223 472 (v.
239 408 308 470 aa>
492 403 703 459 rrmsunos
724 403 832 458 uam
855 403 919 458 xn.
1170 413 1224 477 247

191 536 320 603 Cuncta
337 530 477 616 docens,
492 553 559 620 qua
577 544 673 621 gente
690 542 784 613 satae,
802 551 876 619 qum
891 527 1007 595 lunera
1023 527 1202 622 plangant,

190 651 324 742 Quidve
341 663 454 745 petant
471 675 478 716 :
497 651 598 716 variis
614 671 677 716 nec
694 671 764 716 non
781 646 938 716 affatibus
957 648 1036 740 ipsae

191 774 335 867 Ogygias
353 768 459 865 leges,
479 769 799 861 immansuetumque
816 770 964 837 Creonta

190 891 336 961 Multum
350 905 384 959 et
396 891 520 983 ubique
538 888 693 958 fremunt.
707 889 832 958 Geticae
845 913 913 957 non
930 886 1027 981 plura
1040 902 1228 980 queruntur

190 1012 383 1106 Hospitibus
401 1012 495 1080 tectis
512 1024 632 1078 trunco
649 1032 801 1076 sermone
820 1006 987 1095 volucres,

189 1135 304 1221 Quum
322 1130 471 1225 duplices
486 1127 666 1213 thalamos,
683 1142 716 1196 et
734 1129 886 1221 iniquum
899 1131 1003 1197 Terea
1021 1126 1175 1196 clamant.

237 1252 329 1319 Urbe
347 1251 410 1318 fuit
426 1247 533 1317 media
550 1245 633 1316 nulli
650 1271 806 1316 concessa
826 1262 998 1341 potentum

190 1372 255 1440 Ara
276 1374 384 1439 Deum
402 1396 409 1436 :
429 1369 517 1436 mitis
535 1369 647 1461 posuit
664 1365 850 1437 Clementia
868 1368 1000 1452 sedem,

189 1494 234 1560 Et
250 1490 359 1558 miseri
377 1489 484 1558 fecere
500 1513 627 1557 sacram
645 1514 654 1556 τ
670 1490 742 1557 siue
759 1488 907 1583 supplice
925 1514 1097 1581 nunquam

191 1608 250 1678 llla
265 1631 354 1677 novo
369 1634 376 1676 :
393 1606 484 1676 nulla
502 1608 673 1677 damnavit
691 1624 768 1677 vota
786 1608 928 1705 repulsa.

188 1729 321 1817 Auditi,
340 1732 529 1822 quicunque
546 1745 686 1824 rogant3
703 1745 901 1824 noctesque,
920 1730 1058 1824 diesque

188 1851 241 1917 Ire
258 1849 390 1936 datum,
409 1864 443 1918 et
461 1847 539 1917 solis
561 1873 683 1917 numen
703 1847 834 1942 placare
853 1850 1006 1942 querelis.

189 1973 292 2038 Parca
310 1968 502 2061 superstitio
520 1994 527 2034 :
544 1992 612 2036 non
631 1969 751 2036 thurea
768 1969 919 2053 llamma,
937 1995 997 2038 uec
1019 1970 1105 2040 altus

188 2085 361 2180 decipitur
377 2087 529 2180 sanguis,
548 2083 702 2180 lacrymis
722 2086 842 2155 altaria
860 2085 997 2171 sudant,

189 2209 447 2299 Mastarumque
467 2229 566 2298 super
584 2203 741 2274 libamina
762 2220 850 2274 serta
869 2230 1040 2276 comarum

188 2325 355 2410 Pendent,
374 2340 407 2394 et
426 2340 532 2394 vestes
550 2339 678 2394 mutata
696 2342 785 2395 sorte
801 2325 934 2395 relictae.

188 2448 272 2515 Mite
290 2470 405 2514 nemus
423 2447 530 2529 circa,
547 2443 706 2539 cultuque
725 2448 854 2541 insigne
873 2448 1033 2529 verendo,

189 2568 322 2636 Vittatae
338 2564 467 2652 laurus,
483 2580 515 2634 et
533 2562 692 2659 supplicis
711 2567 811 2636 arbor
828 2567 933 2637 olivae.
976 2560 980 2565 ⁸

189 2683 289 2755 Nulla
307 2700 416 2754 autem
433 2684 577 2779 effigies,
592 2684 676 2753 nulli
696 2687 870 2756 commissa
889 2686 1022 2756 metallo

189 2809 308 2874 Forma
326 2805 414 2893 deae,
431 2820 557 2874 mentes
575 2804 725 2874 habitare
744 2819 778 2874 et
796 2821 930 2899 pectora
947 2807 1080 2902 gaudet.

191 2928 326 3020 Semper
339 2926 438 2997 habet
453 2925 616 3022 trepidos,
635 2951 764 3021 semper
783 2926 875 2997 locus
893 2929 1009 2998 horret
1028 2933 1141 3024 egenis

189 3047 358 3131 Coetibus3
378 3049 500 3142 ignotae
518 3061 648 3117 tuntum
667 3045 817 3117 felicibus
835 3073 911 3117 ara.

188 3172 286 3237 Fama
306 3181 371 3254 est,
391 3165 539 3236 defensos
555 3169 643 3254 acie,
658 3182 732 3261 post
750 3169 849 3237 busta
867 3171 996 3262 paterni

188 3287 364 3374 Numinis,
385 3285 566 3356 Herculeos
582 3286 693 3358 sedem
711 3287 865 3357 fundasse
882 3303 1029 3382 nepotes.

189 3412 289 3476 Fama
309 3411 420 3477 minor
438 3407 556 3479 laetis:
575 3409 663 3504 ipsos
682 3434 759 3479 nam
776 3409 911 3479 credere
928 3408 1067 3503 dignum

189 3527 379 3618 Coelicolas,
400 3527 497 3601 tellus
514 3532 637 3624 quibus
657 3531 789 3625 hospita
807 3555 935 3625 semper
952 3530 1110 3617 Athena,

190 3649 261 3716 Ceu
282 3647 387 3742 leges,
402 3651 638 3744 hominemque
654 3675 797 3736 novum,
812 3652 963 3745 ritusque
980 3673 1167 3736 sacrorum,

191 3769 386 3861 Seminaque
406 3774 440 3840 in
458 3798 580 3842 vacuas
597 3772 675 3840 hinc
692 3771 926 3842 descendentia
943 3787 1063 3858 terras,

190 3890 242 3958 Sic
259 3912 402 3959 sacrasse
420 3890 492 3961 loco
511 3917 686 3961 commune
703 3894 928 3962 animantibus
947 3893 1042 3986 aegris

189 4008 413 4104 Coniugium.
432 4010 519 4081 unde
538 4011 653 4105 procul
675 4028 800 4083 starent
820 4015 960 4104 iraeque,
983 4013 1161 4105 minisque,
