2812 5258
89 468 182 530 (aas.)
408 466 618 523 runnuuos
636 467 742 524 umen
763 470 786 522 1.
1052 482 1101 532 171

88 598 182 663 Tunc
202 615 321 662 vacuos
337 592 446 679 orbes,
466 592 604 660 crudum
621 616 658 660 ac
678 591 861 659 miserabile
877 593 950 658 vitae

89 712 313 806 Supplicium,
331 726 473 781 ostentat
490 712 588 801 coelo,
607 712 824 803 manibusque
840 711 983 779 cruentis

89 831 203 900 Pulsat
220 828 318 898 inane
336 829 459 917 solum,
475 855 622 922 saevaque
642 831 688 897 ita
706 853 785 898 voce
804 843 977 923 precatur:

137 978 153 1015 α
166 948 231 1032 Di,
248 963 356 1017 sontes
372 951 514 1035 animas,
532 963 735 1041 angustaque
750 950 887 1015 Tartara
902 947 1006 1039 poenis

90 1071 158 1158 Qui
176 1070 307 1162 regitis3
325 1082 426 1161 tuque
442 1067 621 1136 umbrifero
639 1072 720 1161 Styx
736 1066 836 1136 livida
852 1066 971 1153 lundo,

91 1189 201 1274 Quam
218 1187 330 1271 video;
346 1185 551 1280 multumque
568 1188 649 1256 mihi
669 1201 823 1255 consueta
839 1187 948 1255 vocari

91 1319 228 1388 Annue,
247 1305 441 1399 Tisiphone,
462 1329 680 1399 perversaque
695 1319 771 1373 vota
788 1303 950 1374 secunda:

93 1425 129 1491 Si
144 1424 228 1491 bene
243 1424 322 1517 quid
340 1426 463 1511 merui,
480 1425 507 1492 si
523 1449 576 1492 me
595 1423 635 1492 de
652 1438 757 1494 matre
774 1423 943 1494 cadentem

94 1543 214 1611 Fovisti
230 1544 371 1637 gremio,
389 1558 422 1612 et
438 1545 610 1637 trajectum
629 1542 766 1612 vulnere
783 1542 909 1637 plautas

93 1660 261 1746 Firmasti3
281 1663 308 1729 si
324 1677 439 1756 stagna
456 1663 524 1756 peti
538 1663 693 1756 Cyrrhaea
705 1665 836 1733 bicorni

92 1777 256 1846 interfusa
273 1780 369 1872 jugo,
387 1803 514 1871 possem
534 1802 636 1869 quum
653 1779 768 1872 degere
785 1782 866 1851 falso

96 1902 280 1968 Contentus
295 1894 438 1988 Polybo,
455 1897 636 1994 trifidaeque
652 1899 685 1971 in
703 1901 863 1972 Phocidos
882 1916 974 1969 arcto

98 2019 297 2107 longaevum
316 2011 462 2106 implicui
484 2040 611 2112 regem,
628 2022 783 2111 secuique
801 2022 969 2088 trementis

97 2138 165 2203 Ora
185 2134 284 2220 senis,
302 2132 381 2201 dum
400 2161 509 2228 quaero
527 2151 672 2229 patrem3
688 2140 715 2205 si
733 2137 897 2231 Sphingos
913 2138 1033 2228 iniqua·

96 2252 242 2323 Callidus
255 2256 406 2348 ambages
424 2269 456 2323 te
471 2271 742 2349 praemonstrante
759 2255 898 2342 resolvi3
1001 2344 1006 2355 .

91 2375 131 2443 Si
151 2374 260 2443 dulces
277 2376 397 2463 furias,
416 2390 448 2445 et
465 2374 671 2445 lamentabile
691 2379 802 2446 matris

97 2494 309 2562 Connuhium
327 2495 456 2588 gavisus
475 2497 541 2580 iul3
560 2511 753 2590 noctemque
769 2494 941 2565 nefandam

98 2614 189 2705 Saepe
207 2611 285 2700 tuli,
305 2627 463 2707 natosque
479 2616 560 2702 tibi,
583 2617 643 2684 scis
660 2617 748 2709 ipsa,
766 2617 900 2710 paravi;

97 2733 177 2798 Mox
193 2730 307 2800 aridus
323 2757 425 2825 poenae
441 2732 550 2828 digitis
566 2732 765 2802 caedentibus
781 2732 868 2800 ultro

97 2851 252 2937 Incubui,
267 2853 448 2944 miseraque
464 2852 576 2921 oculos
593 2854 625 2919 in
644 2868 747 2921 matre
764 2850 903 2944 reliqui3

97 2971 245 3056 Exaudi,
266 2973 292 3040 si
309 2971 409 3065 digna
423 2996 553 3066 precor,
572 2997 710 3065 quaeque
727 2975 798 3065 ipsa
812 2972 934 3039 furenti

99 3089 280 3182 Subjiceres
294 3117 303 3159 ε
318 3091 436 3160 orbum
450 3092 522 3160 visu
542 3093 715 3185 regnisque
729 3105 894 3185 parentem

98 3210 175 3278 Non
192 3235 322 3305 regere,
339 3226 397 3280 aut
415 3210 510 3280 dictis
525 3227 714 3280 moerentem
734 3213 862 3281 flectere
877 3212 982 3279 adorti

98 3331 193 3417 Quos
213 3332 327 3423 genui,
345 3354 543 3423 quocunque
560 3346 655 3400 toro:
671 3334 751 3425 quin
769 3357 843 3401 ecce
858 3333 1005 3426 superbi,

98 3452 164 3517 Pro
179 3447 290 3516 dolor!
309 3465 342 3517 et
357 3465 470 3519 nostro
486 3451 682 3544 jamdudum
701 3452 814 3521 funere
832 3476 923 3545 reges

99 3566 263 3637 insultant
277 3570 435 3658 tenebris,
454 3572 658 3665 gemitusque
675 3571 771 3640 odere
788 3585 949 3664 paternos.

99 3687 200 3753 Hisne
218 3688 315 3753 etiam
331 3686 478 3757 funestus
494 3689 573 3784 ego?
589 3706 622 3760 et
639 3690 726 3759 videt
746 3694 808 3759 ista
822 3694 968 3758 Deorum

100 3805 242 3896 Ignarus
258 3802 404 3897 genitor?
421 3807 471 3873 Tu
488 3806 598 3876 saltem
617 3808 725 3877 debita
742 3810 859 3877 vindex

100 3926 173 3990 Huc
192 3920 283 4007 ades,
304 3936 337 3989 et
357 3936 442 3989 totos
463 3924 495 3989 in
516 3948 644 4016 poeuam
661 3927 769 3994 ordire
786 3942 929 4021 nepotes.

100 4039 205 4109 lndue
219 4040 308 4132 quod
328 4039 496 4109 madidum
511 4043 587 4111 tabo
606 4043 753 4112 diadema
768 4047 912 4113 cruentis
