<?xml version="1.0" encoding="UTF-8"?>
<!DOCTYPE html PUBLIC "-//W3C//DTD XHTML 1.0 Transitional//EN"
    "http://www.w3.org/TR/xhtml1/DTD/xhtml1-transitional.dtd">
<html xmlns="http://www.w3.org/1999/xhtml" xml:lang="en" lang="en">
 <head>
  <title>
</title>
<meta http-equiv="Content-Type" content="text/html;charset=utf-8" />
  <meta name='ocr-system' content='tesseract 3.04.00' />
  <meta name='ocr-capabilities' content='ocr_page ocr_carea ocr_par ocr_line ocrx_word'/>
</head>
<body>
  <div class='ocr_page' id='page_1' title='image "./publiipapiniist01statgoog_0431.png"; bbox 0 0 2812 5258; ppageno 0'>
   <div class='ocr_carea' id='block_1_1' title="bbox 109 442 1152 508">
    <p class='ocr_par' dir='ltr' id='par_1_1' title="bbox 109 442 1152 508">
     <span class='ocr_line' id='line_1_1' title="bbox 109 442 1152 508; baseline 0.003 -16"><span class='ocrx_word' id='word_1_1' title='bbox 109 446 142 505; x_wconf 69' lang='lat' dir='ltr'>(v.</span> <span class='ocrx_word' id='word_1_2' title='bbox 156 445 223 508; x_wconf 79' lang='lat'><em>565.)</em></span> <span class='ocrx_word' id='word_1_3' title='bbox 408 442 623 500; x_wconf 66' lang='lat' dir='ltr'>&#39;rueramus</span> <span class='ocrx_word' id='word_1_4' title='bbox 646 443 755 499; x_wconf 82' lang='lat' dir='ltr'>LIBER</span> <span class='ocrx_word' id='word_1_5' title='bbox 777 445 856 497; x_wconf 90' lang='lat' dir='ltr'>vltt.</span> <span class='ocrx_word' id='word_1_6' title='bbox 1099 443 1152 498; x_wconf 66' lang='lat'>133</span> 
     </span>
    </p>
   </div>
   <div class='ocr_carea' id='block_1_2' title="bbox 102 566 1069 3062">
    <p class='ocr_par' dir='ltr' id='par_1_2' title="bbox 102 566 1069 3062">
     <span class='ocr_line' id='line_1_2' title="bbox 110 566 908 662; baseline 0.003 -26"><span class='ocrx_word' id='word_1_7' title='bbox 110 571 181 637; x_wconf 89' lang='lat' dir='ltr'>Ceu</span> <span class='ocrx_word' id='word_1_8' title='bbox 197 581 377 662; x_wconf 75' lang='lat' dir='ltr'>spectetur,</span> <span class='ocrx_word' id='word_1_9' title='bbox 392 569 460 661; x_wconf 91' lang='lat' dir='ltr'>agit</span> <span class='ocrx_word' id='word_1_10' title='bbox 475 594 482 634; x_wconf 76' lang='grc' dir='ltr'><strong><em>ε</em></strong></span> <span class='ocrx_word' id='word_1_11' title='bbox 499 566 620 662; x_wconf 89' lang='lat' dir='ltr'>triplici</span> <span class='ocrx_word' id='word_1_12' title='bbox 637 568 803 637; x_wconf 79' lang='lat' dir='ltr'><strong>velaverat</strong></span> <span class='ocrx_word' id='word_1_13' title='bbox 817 583 908 638; x_wconf 90' lang='lat' dir='ltr'>ostro</span> 
     </span>
     <span class='ocr_line' id='line_1_3' title="bbox 110 689 969 784; baseline 0.001 -26"><span class='ocrx_word' id='word_1_14' title='bbox 110 693 287 784; x_wconf 90' lang='lat' dir='ltr'>Surgentes</span> <span class='ocrx_word' id='word_1_15' title='bbox 305 691 486 757; x_wconf 75' lang='lat' dir='ltr'><strong>etiamnum</strong></span> <span class='ocrx_word' id='word_1_16' title='bbox 505 689 678 777; x_wconf 81' lang='lat' dir='ltr'>humeros,</span> <span class='ocrx_word' id='word_1_17' title='bbox 699 705 733 758; x_wconf 94' lang='lat' dir='ltr'>et</span> <span class='ocrx_word' id='word_1_18' title='bbox 753 689 840 758; x_wconf 84' lang='lat' dir='ltr'>levia</span> <span class='ocrx_word' id='word_1_19' title='bbox 860 706 969 759; x_wconf 89' lang='lat' dir='ltr'>mater</span> 
     </span>
     <span class='ocr_line' id='line_1_4' title="bbox 108 810 986 907; baseline 0.002 -29"><span class='ocrx_word' id='word_1_20' title='bbox 108 815 271 879; x_wconf 90' lang='lat' dir='ltr'>Pectora:</span> <span class='ocrx_word' id='word_1_21' title='bbox 293 827 372 879; x_wconf 92' lang='lat' dir='ltr'>tunc</span> <span class='ocrx_word' id='word_1_22' title='bbox 393 836 474 879; x_wconf 90' lang='lat' dir='ltr'>auro</span> <span class='ocrx_word' id='word_1_23' title='bbox 492 810 663 905; x_wconf 82' lang='lat' dir='ltr'>phaleras,</span> <span class='ocrx_word' id='word_1_24' title='bbox 684 837 833 905; x_wconf 90' lang='lat' dir='ltr'>auroque</span> <span class='ocrx_word' id='word_1_25' title='bbox 851 814 986 907; x_wconf 81' lang='lat' dir='ltr'>sagittas</span> 
     </span>
     <span class='ocr_line' id='line_1_5' title="bbox 108 931 1003 1026; baseline 0.002 -28"><span class='ocrx_word' id='word_1_26' title='bbox 108 931 334 1026; x_wconf 86' lang='lat' dir='ltr'>Cingulaque,</span> <span class='ocrx_word' id='word_1_27' title='bbox 352 947 385 1000; x_wconf 93' lang='lat' dir='ltr'>et</span> <span class='ocrx_word' id='word_1_28' title='bbox 404 933 568 1018; x_wconf 90' lang='lat' dir='ltr'>manicas,</span> <span class='ocrx_word' id='word_1_29' title='bbox 589 956 630 999; x_wconf 91' lang='lat' dir='ltr'>ne</span> <span class='ocrx_word' id='word_1_30' title='bbox 648 933 791 1026; x_wconf 89' lang='lat' dir='ltr'>conjuge</span> <span class='ocrx_word' id='word_1_31' title='bbox 809 932 906 1001; x_wconf 91' lang='lat' dir='ltr'>vilior</span> <span class='ocrx_word' id='word_1_32' title='bbox 924 935 1003 1016; x_wconf 90' lang='lat' dir='ltr'>iret,</span> 
     </span>
     <span class='ocr_line' id='line_1_6' title="bbox 107 1055 979 1146; baseline 0.001 -27"><span class='ocrx_word' id='word_1_33' title='bbox 107 1055 290 1139; x_wconf 81' lang='lat' dir='ltr'>Presserat,</span> <span class='ocrx_word' id='word_1_34' title='bbox 310 1068 344 1121; x_wconf 92' lang='lat' dir='ltr'>et</span> <span class='ocrx_word' id='word_1_35' title='bbox 363 1055 502 1121; x_wconf 83' lang='lat' dir='ltr'>mixtum</span> <span class='ocrx_word' id='word_1_36' title='bbox 521 1077 607 1120; x_wconf 90' lang='lat' dir='ltr'>cono</span> <span class='ocrx_word' id='word_1_37' title='bbox 628 1055 832 1146; x_wconf 86' lang='lat' dir='ltr'>crispaverat</span> <span class='ocrx_word' id='word_1_38' title='bbox 850 1078 979 1123; x_wconf 89' lang='lat' dir='ltr'>aurum.</span> 
     </span>
     <span class='ocr_line' id='line_1_7' title="bbox 106 1169 1027 1266; baseline 0.004 -28"><span class='ocrx_word' id='word_1_39' title='bbox 106 1170 241 1239; x_wconf 87' lang='lat' dir='ltr'>Talibus</span> <span class='ocrx_word' id='word_1_40' title='bbox 260 1169 339 1240; x_wconf 89' lang='lat' dir='ltr'>heu!</span> <span class='ocrx_word' id='word_1_41' title='bbox 360 1172 465 1239; x_wconf 86' lang='lat' dir='ltr'>fidens</span> <span class='ocrx_word' id='word_1_42' title='bbox 485 1187 582 1240; x_wconf 89' lang='lat' dir='ltr'>vocat</span> <span class='ocrx_word' id='word_1_43' title='bbox 600 1170 689 1241; x_wconf 89' lang='lat' dir='ltr'>ultro</span> <span class='ocrx_word' id='word_1_44' title='bbox 709 1173 743 1240; x_wconf 89' lang='lat' dir='ltr'>in</span> <span class='ocrx_word' id='word_1_45' title='bbox 763 1171 879 1266; x_wconf 87' lang='lat' dir='ltr'>proelia</span> <span class='ocrx_word' id='word_1_46' title='bbox 898 1176 1027 1244; x_wconf 90' lang='lat' dir='ltr'>Graios.</span> 
     </span>
     <span class='ocr_line' id='line_1_8' title="bbox 106 1290 931 1385; baseline 0 -25"><span class='ocrx_word' id='word_1_47' title='bbox 106 1295 153 1360; x_wconf 79' lang='lat' dir='ltr'>Ac</span> <span class='ocrx_word' id='word_1_48' title='bbox 173 1294 319 1385; x_wconf 87' lang='lat' dir='ltr'>primurn</span> <span class='ocrx_word' id='word_1_49' title='bbox 338 1290 448 1359; x_wconf 82' lang='lat' dir='ltr'>faciles</span> <span class='ocrx_word' id='word_1_50' title='bbox 467 1304 633 1384; x_wconf 82' lang='lat' dir='ltr'>grassatus</span> <span class='ocrx_word' id='word_1_51' title='bbox 653 1290 788 1385; x_wconf 89' lang='lat' dir='ltr'>cuspide</span> <span class='ocrx_word' id='word_1_52' title='bbox 805 1307 931 1360; x_wconf 90' lang='lat' dir='ltr'>turmas</span> 
     </span>
     <span class='ocr_line' id='line_1_9' title="bbox 105 1411 950 1507; baseline 0.001 -27"><span class='ocrx_word' id='word_1_53' title='bbox 105 1415 205 1480; x_wconf 79' lang='lat' dir='ltr'>Arma</span> <span class='ocrx_word' id='word_1_54' title='bbox 224 1411 323 1479; x_wconf 85' lang='lat' dir='ltr'>refert</span> <span class='ocrx_word' id='word_1_55' title='bbox 340 1413 453 1497; x_wconf 91' lang='lat' dir='ltr'>sociis,</span> <span class='ocrx_word' id='word_1_56' title='bbox 471 1426 503 1480; x_wconf 90' lang='lat' dir='ltr'>et</span> <span class='ocrx_word' id='word_1_57' title='bbox 520 1413 553 1479; x_wconf 92' lang='lat' dir='ltr'>in</span> <span class='ocrx_word' id='word_1_58' title='bbox 568 1414 700 1505; x_wconf 80' lang='lat' dir='ltr'>agmina</span> <span class='ocrx_word' id='word_1_59' title='bbox 717 1412 799 1500; x_wconf 86' lang='lat' dir='ltr'>fida,</span> <span class='ocrx_word' id='word_1_60' title='bbox 817 1427 950 1507; x_wconf 90' lang='lat' dir='ltr'>peracta</span> 
     </span>
     <span class='ocr_line' id='line_1_10' title="bbox 104 1531 943 1627; baseline 0.002 -27"><span class='ocrx_word' id='word_1_61' title='bbox 104 1531 221 1618; x_wconf 80' lang='lat' dir='ltr'>caede,</span> <span class='ocrx_word' id='word_1_62' title='bbox 238 1531 348 1600; x_wconf 89' lang='lat' dir='ltr'>redit:</span> <span class='ocrx_word' id='word_1_63' title='bbox 366 1532 412 1600; x_wconf 92' lang='lat' dir='ltr'>sic</span> <span class='ocrx_word' id='word_1_64' title='bbox 430 1535 584 1627; x_wconf 88' lang='lat' dir='ltr'>Hyrcana</span> <span class='ocrx_word' id='word_1_65' title='bbox 600 1531 650 1601; x_wconf 90' lang='lat' dir='ltr'>leo</span> <span class='ocrx_word' id='word_1_66' title='bbox 667 1535 807 1627; x_wconf 91' lang='lat' dir='ltr'>Caspius</span> <span class='ocrx_word' id='word_1_67' title='bbox 825 1534 943 1602; x_wconf 89' lang='lat' dir='ltr'>umbra</span> 
     </span>
     <span class='ocr_line' id='line_1_11' title="bbox 103 1649 937 1746; baseline 0.005 -27"><span class='ocrx_word' id='word_1_68' title='bbox 103 1649 223 1720; x_wconf 85' lang='lat' dir='ltr'>Nudus</span> <span class='ocrx_word' id='word_1_69' title='bbox 236 1651 359 1738; x_wconf 87' lang='lat' dir='ltr'>adbuc,</span> <span class='ocrx_word' id='word_1_70' title='bbox 375 1650 532 1746; x_wconf 87' lang='lat' dir='ltr'>nulloque</span> <span class='ocrx_word' id='word_1_71' title='bbox 542 1653 632 1746; x_wconf 84' lang='lat' dir='ltr'>jubae</span> <span class='ocrx_word' id='word_1_72' title='bbox 645 1653 796 1722; x_wconf 85' lang='lat' dir='ltr'>flaventis</span> <span class='ocrx_word' id='word_1_73' title='bbox 809 1655 937 1723; x_wconf 90' lang='lat' dir='ltr'>honore</span> 
     </span>
     <span class='ocr_line' id='line_1_12' title="bbox 102 1770 1023 1869; baseline 0.004 -29"><span class='ocrx_word' id='word_1_74' title='bbox 102 1770 289 1856; x_wconf 90' lang='lat' dir='ltr'>Terribilis,</span> <span class='ocrx_word' id='word_1_75' title='bbox 308 1773 487 1866; x_wconf 82' lang='lat' dir='ltr'>magnique</span> <span class='ocrx_word' id='word_1_76' title='bbox 503 1775 686 1841; x_wconf 87' lang='lat' dir='ltr'>etiamnum</span> <span class='ocrx_word' id='word_1_77' title='bbox 701 1775 871 1869; x_wconf 90' lang='lat' dir='ltr'>sanguinis</span> <span class='ocrx_word' id='word_1_78' title='bbox 891 1776 1023 1862; x_wconf 87' lang='lat' dir='ltr'>insons,</span> 
     </span>
     <span class='ocr_line' id='line_1_13' title="bbox 103 1888 960 1984; baseline 0.007 -27"><span class='ocrx_word' id='word_1_79' title='bbox 103 1890 202 1958; x_wconf 85' lang='lat' dir='ltr'>Haud</span> <span class='ocrx_word' id='word_1_80' title='bbox 220 1890 336 1984; x_wconf 90' lang='lat' dir='ltr'>procul</span> <span class='ocrx_word' id='word_1_81' title='bbox 356 1915 375 1957; x_wconf 94' lang='lat' dir='ltr'>a</span> <span class='ocrx_word' id='word_1_82' title='bbox 396 1888 533 1957; x_wconf 90' lang='lat' dir='ltr'>stabulis</span> <span class='ocrx_word' id='word_1_83' title='bbox 552 1907 663 1984; x_wconf 87' lang='lat' dir='ltr'>captat</span> <span class='ocrx_word' id='word_1_84' title='bbox 679 1894 815 1961; x_wconf 89' lang='lat' dir='ltr'>custode</span> <span class='ocrx_word' id='word_1_85' title='bbox 833 1910 960 1963; x_wconf 90' lang='lat' dir='ltr'>remoto</span> 
     </span>
     <span class='ocr_line' id='line_1_14' title="bbox 105 2010 1035 2107; baseline 0.009 -32"><span class='ocrx_word' id='word_1_86' title='bbox 105 2012 212 2102; x_wconf 88' lang='lat' dir='ltr'>Segne</span> <span class='ocrx_word' id='word_1_87' title='bbox 231 2033 350 2101; x_wconf 89' lang='lat' dir='ltr'>pecus,</span> <span class='ocrx_word' id='word_1_88' title='bbox 373 2022 549 2101; x_wconf 89' lang='lat' dir='ltr'>teneraque</span> <span class='ocrx_word' id='word_1_89' title='bbox 566 2010 684 2078; x_wconf 88' lang='lat' dir='ltr'>famem</span> <span class='ocrx_word' id='word_1_90' title='bbox 706 2014 871 2080; x_wconf 87' lang='lat' dir='ltr'>consumit</span> <span class='ocrx_word' id='word_1_91' title='bbox 888 2015 923 2081; x_wconf 91' lang='lat' dir='ltr'>in</span> <span class='ocrx_word' id='word_1_92' title='bbox 941 2038 1035 2107; x_wconf 91' lang='lat' dir='ltr'>agna.</span> 
     </span>
     <span class='ocr_line' id='line_1_15' title="bbox 155 2128 1005 2224; baseline 0.007 -30"><span class='ocrx_word' id='word_1_93' title='bbox 155 2130 235 2195; x_wconf 88' lang='lat' dir='ltr'>Mox</span> <span class='ocrx_word' id='word_1_94' title='bbox 258 2129 408 2221; x_wconf 89' lang='lat' dir='ltr'>ignotum</span> <span class='ocrx_word' id='word_1_95' title='bbox 427 2130 546 2215; x_wconf 88' lang='lat' dir='ltr'>armis,</span> <span class='ocrx_word' id='word_1_96' title='bbox 567 2152 605 2197; x_wconf 89' lang='lat' dir='ltr'>ac</span> <span class='ocrx_word' id='word_1_97' title='bbox 624 2128 695 2198; x_wconf 87' lang='lat' dir='ltr'>solo</span> <span class='ocrx_word' id='word_1_98' title='bbox 715 2154 854 2224; x_wconf 88' lang='lat' dir='ltr'>corpore</span> <span class='ocrx_word' id='word_1_99' title='bbox 875 2157 1005 2202; x_wconf 89' lang='lat' dir='ltr'>mensus</span> 
     </span>
     <span class='ocr_line' id='line_1_16' title="bbox 104 2247 923 2342; baseline 0.006 -26"><span class='ocrx_word' id='word_1_100' title='bbox 104 2247 216 2340; x_wconf 88' lang='lat' dir='ltr'>Tydea</span> <span class='ocrx_word' id='word_1_101' title='bbox 237 2271 304 2315; x_wconf 91' lang='lat' dir='ltr'>non</span> <span class='ocrx_word' id='word_1_102' title='bbox 327 2248 436 2315; x_wconf 90' lang='lat' dir='ltr'>timuit</span> <span class='ocrx_word' id='word_1_103' title='bbox 458 2274 465 2314; x_wconf 94' lang='lat'>:</span> <span class='ocrx_word' id='word_1_104' title='bbox 487 2247 661 2342; x_wconf 83' lang='lat' dir='ltr'>fragilique</span> <span class='ocrx_word' id='word_1_105' title='bbox 682 2248 839 2320; x_wconf 83' lang='lat' dir='ltr'>lacessere</span> <span class='ocrx_word' id='word_1_106' title='bbox 857 2251 923 2321; x_wconf 92' lang='lat' dir='ltr'>telo</span> 
     </span>
     <span class='ocr_line' id='line_1_17' title="bbox 104 2366 974 2465; baseline 0.008 -29"><span class='ocrx_word' id='word_1_107' title='bbox 104 2369 228 2460; x_wconf 83' lang='lat' dir='ltr'>Saepius</span> <span class='ocrx_word' id='word_1_108' title='bbox 246 2366 489 2436; x_wconf 86' lang='lat' dir='ltr'>infrendentem</span> <span class='ocrx_word' id='word_1_109' title='bbox 508 2366 598 2450; x_wconf 90' lang='lat' dir='ltr'>aliis,</span> <span class='ocrx_word' id='word_1_110' title='bbox 618 2368 766 2463; x_wconf 93' lang='lat' dir='ltr'>aliosque</span> <span class='ocrx_word' id='word_1_111' title='bbox 785 2389 974 2465; x_wconf 89' lang='lat' dir='ltr'>sequentem</span> 
     </span>
     <span class='ocr_line' id='line_1_18' title="bbox 103 2486 977 2563; baseline 0.009 -8"><span class='ocrx_word' id='word_1_112' title='bbox 103 2490 212 2555; x_wconf 81' lang='lat' dir='ltr'>Ausus</span> <span class='ocrx_word' id='word_1_113' title='bbox 233 2501 331 2555; x_wconf 88' lang='lat' dir='ltr'>erat:</span> <span class='ocrx_word' id='word_1_114' title='bbox 353 2486 485 2554; x_wconf 89' lang='lat' dir='ltr'>tandem</span> <span class='ocrx_word' id='word_1_115' title='bbox 504 2487 667 2557; x_wconf 87' lang='lat' dir='ltr'>invalidos</span> <span class='ocrx_word' id='word_1_116' title='bbox 685 2490 813 2559; x_wconf 84' lang='lat' dir='ltr'>AEtolus</span> <span class='ocrx_word' id='word_1_117' title='bbox 833 2490 874 2560; x_wconf 89' lang='lat' dir='ltr'>ad</span> <span class='ocrx_word' id='word_1_118' title='bbox 894 2496 977 2563; x_wconf 91' lang='lat' dir='ltr'>ictus</span> 
     </span>
     <span class='ocr_line' id='line_1_19' title="bbox 104 2605 914 2693; baseline 0.006 -20"><span class='ocrx_word' id='word_1_119' title='bbox 104 2611 200 2675; x_wconf 83' lang='lat' dir='ltr'>Forte</span> <span class='ocrx_word' id='word_1_120' title='bbox 220 2605 319 2689; x_wconf 81' lang='lat' dir='ltr'>refert</span> <span class='ocrx_word' id='word_1_121' title='bbox 339 2606 471 2693; x_wconf 91' lang='lat' dir='ltr'>oculos,</span> <span class='ocrx_word' id='word_1_122' title='bbox 491 2622 524 2675; x_wconf 85' lang='lat' dir='ltr'>et</span> <span class='ocrx_word' id='word_1_123' title='bbox 544 2608 755 2677; x_wconf 89' lang='lat' dir='ltr'>formidabile</span> <span class='ocrx_word' id='word_1_124' title='bbox 775 2608 885 2680; x_wconf 91' lang='lat' dir='ltr'>ridens</span> <span class='ocrx_word' id='word_1_125' title='bbox 907 2639 914 2678; x_wconf 93' lang='lat'><strong>:</strong></span> 
     </span>
     <span class='ocr_line' id='line_1_20' title="bbox 103 2726 1041 2826; baseline 0.011 -37"><span class='ocrx_word' id='word_1_126' title='bbox 103 2726 331 2796; x_wconf 79' lang='lat' dir='ltr'>«tamdudum</span> <span class='ocrx_word' id='word_1_127' title='bbox 349 2727 463 2810; x_wconf 88' lang='lat' dir='ltr'>video,</span> <span class='ocrx_word' id='word_1_128' title='bbox 484 2751 640 2826; x_wconf 86' lang='lat' dir='ltr'>magnum</span> <span class='ocrx_word' id='word_1_129' title='bbox 661 2732 771 2822; x_wconf 87' lang='lat' dir='ltr'>cupis,</span> <span class='ocrx_word' id='word_1_130' title='bbox 793 2732 964 2823; x_wconf 88' lang='lat' dir='ltr'>improbe,</span> <span class='ocrx_word' id='word_1_131' title='bbox 986 2731 1041 2801; x_wconf 89' lang='lat' dir='ltr'>leti</span> 
     </span>
     <span class='ocr_line' id='line_1_21' title="bbox 102 2846 1069 2934; baseline 0.005 -20"><span class='ocrx_word' id='word_1_132' title='bbox 102 2848 250 2933; x_wconf 87' lang='lat' dir='ltr'>Nomen,</span> <span class='ocrx_word' id='word_1_133' title='bbox 263 2877 280 2912; x_wconf 85' lang='lat'><strong>»</strong></span> <span class='ocrx_word' id='word_1_134' title='bbox 299 2849 346 2915; x_wconf 90' lang='lat' dir='ltr'>ait</span> <span class='ocrx_word' id='word_1_135' title='bbox 366 2875 374 2915; x_wconf 93' lang='lat'><strong>:</strong></span> <span class='ocrx_word' id='word_1_136' title='bbox 395 2846 491 2916; x_wconf 92' lang='lat' dir='ltr'>simul</span> <span class='ocrx_word' id='word_1_137' title='bbox 510 2846 671 2916; x_wconf 79' lang='lat' dir='ltr'>audacem</span> <span class='ocrx_word' id='word_1_138' title='bbox 690 2872 757 2914; x_wconf 92' lang='lat' dir='ltr'>non</span> <span class='ocrx_word' id='word_1_139' title='bbox 778 2872 875 2934; x_wconf 90' lang='lat' dir='ltr'>ense,</span> <span class='ocrx_word' id='word_1_140' title='bbox 897 2874 957 2917; x_wconf 91' lang='lat' dir='ltr'>nec</span> <span class='ocrx_word' id='word_1_141' title='bbox 976 2850 1069 2919; x_wconf 90' lang='lat' dir='ltr'>hasta</span> 
     </span>
     <span class='ocr_line' id='line_1_22' title="bbox 102 2965 832 3062; baseline 0.001 -28"><span class='ocrx_word' id='word_1_142' title='bbox 102 2968 284 3059; x_wconf 89' lang='lat' dir='ltr'>Dignatus,</span> <span class='ocrx_word' id='word_1_143' title='bbox 305 2965 419 3035; x_wconf 90' lang='lat' dir='ltr'>leviter</span> <span class='ocrx_word' id='word_1_144' title='bbox 436 2967 548 3062; x_wconf 88' lang='lat' dir='ltr'>digitis</span> <span class='ocrx_word' id='word_1_145' title='bbox 568 2965 698 3035; x_wconf 90' lang='lat' dir='ltr'>imbelle</span> <span class='ocrx_word' id='word_1_146' title='bbox 716 2965 832 3035; x_wconf 89' lang='lat' dir='ltr'>solutis</span> 
     </span>
    </p>
   </div>
   <div class='ocr_carea' id='block_1_3' title="bbox 101 3078 963 3182">
    <p class='ocr_par' dir='ltr' id='par_1_3' title="bbox 101 3078 963 3182">
     <span class='ocr_line' id='line_1_23' title="bbox 101 3078 963 3182; baseline 0.003 -28"><span class='ocrx_word' id='word_1_147' title='bbox 101 3086 230 3178; x_wconf 80' lang='lat' dir='ltr'>Abjecit</span> <span class='ocrx_word' id='word_1_148' title='bbox 246 3086 392 3179; x_wconf 89' lang='lat' dir='ltr'>jaculum</span> <span class='ocrx_word' id='word_1_149' title='bbox 413 3114 420 3155; x_wconf 93' lang='lat'><strong>:</strong></span> <span class='ocrx_word' id='word_1_150' title='bbox 443 3087 584 3156; x_wconf 88' lang='lat' dir='ltr'>latebras</span> <span class='ocrx_word' id='word_1_151' title='bbox 604 3078 714 3154; x_wconf 88' lang='lat' dir='ltr'>tatnen</span> <span class='ocrx_word' id='word_1_152' title='bbox 734 3088 879 3182; x_wconf 91' lang='lat' dir='ltr'>inguinis</span> <span class='ocrx_word' id='word_1_153' title='bbox 899 3088 963 3157; x_wconf 88' lang='lat' dir='ltr'>alte</span> 
     </span>
    </p>
   </div>
   <div class='ocr_carea' id='block_1_4' title="bbox 77 3205 1136 4141">
    <p class='ocr_par' dir='ltr' id='par_1_4' title="bbox 77 3205 1136 4141">
     <span class='ocr_line' id='line_1_24' title="bbox 100 3205 878 3293; baseline 0.001 -19"><span class='ocrx_word' id='word_1_154' title='bbox 100 3205 244 3293; x_wconf 88' lang='lat' dir='ltr'>Missile,</span> <span class='ocrx_word' id='word_1_155' title='bbox 263 3231 322 3274; x_wconf 91' lang='lat' dir='ltr'>ceu</span> <span class='ocrx_word' id='word_1_156' title='bbox 342 3208 419 3274; x_wconf 88' lang='lat' dir='ltr'>totis</span> <span class='ocrx_word' id='word_1_157' title='bbox 437 3209 596 3274; x_wconf 89' lang='lat' dir='ltr'>intortum</span> <span class='ocrx_word' id='word_1_158' title='bbox 615 3206 741 3275; x_wconf 87' lang='lat' dir='ltr'>viribus</span> <span class='ocrx_word' id='word_1_159' title='bbox 759 3207 878 3275; x_wconf 89' lang='lat' dir='ltr'>hausit.</span> 
     </span>
     <span class='ocr_line' id='line_1_25' title="bbox 101 3326 987 3423; baseline 0.002 -29"><span class='ocrx_word' id='word_1_160' title='bbox 101 3330 250 3396; x_wconf 82' lang='lat' dir='ltr'>Praeterit</span> <span class='ocrx_word' id='word_1_161' title='bbox 267 3326 354 3399; x_wconf 87' lang='lat' dir='ltr'>haud</span> <span class='ocrx_word' id='word_1_162' title='bbox 373 3326 511 3395; x_wconf 90' lang='lat' dir='ltr'>dubium</span> <span class='ocrx_word' id='word_1_163' title='bbox 530 3327 605 3413; x_wconf 90' lang='lat' dir='ltr'>fati,</span> <span class='ocrx_word' id='word_1_164' title='bbox 626 3342 658 3394; x_wconf 94' lang='lat' dir='ltr'>et</span> <span class='ocrx_word' id='word_1_165' title='bbox 677 3327 820 3420; x_wconf 92' lang='lat' dir='ltr'>spoliare</span> <span class='ocrx_word' id='word_1_166' title='bbox 839 3330 987 3423; x_wconf 92' lang='lat' dir='ltr'>superbit</span> 
     </span>
     <span class='ocr_line' id='line_1_26' title="bbox 99 3447 1136 3541; baseline 0.001 -25"><span class='ocrx_word' id='word_1_167' title='bbox 99 3447 248 3516; x_wconf 89' lang='lat' dir='ltr'>OEnides</span> <span class='ocrx_word' id='word_1_168' title='bbox 262 3474 269 3515; x_wconf 77' lang='grc' dir='ltr'><strong>ε</strong></span> <span class='ocrx_word' id='word_1_169' title='bbox 285 3451 427 3541; x_wconf 74' lang='lat' dir='ltr'>«Neque</span> <span class='ocrx_word' id='word_1_170' title='bbox 437 3449 524 3516; x_wconf 91' lang='lat' dir='ltr'>enim</span> <span class='ocrx_word' id='word_1_171' title='bbox 534 3449 592 3516; x_wconf 89' lang='lat' dir='ltr'>has</span> <span class='ocrx_word' id='word_1_172' title='bbox 602 3450 718 3535; x_wconf 89' lang='lat' dir='ltr'>Marti,</span> <span class='ocrx_word' id='word_1_173' title='bbox 730 3449 874 3534; x_wconf 87' lang='lat' dir='ltr'>auttibi,</span> <span class='ocrx_word' id='word_1_174' title='bbox 886 3448 1004 3519; x_wconf 87' lang='lat' dir='ltr'>bellica</span> <span class='ocrx_word' id='word_1_175' title='bbox 1015 3450 1136 3521; x_wconf 90' lang='lat' dir='ltr'>Pallas.</span> 
     </span>
     <span class='ocr_line' id='line_1_27' title="bbox 97 3567 915 3663; baseline 0.004 -29"><span class='ocrx_word' id='word_1_176' title='bbox 97 3568 243 3634; x_wconf 85' lang='lat' dir='ltr'>Exuvias</span> <span class='ocrx_word' id='word_1_177' title='bbox 264 3567 422 3661; x_wconf 87' lang='lat' dir='ltr'>ligemus,</span> <span class='ocrx_word' id='word_1_178' title='bbox 443 3569 488 3637; x_wconf 89' lang='lat' dir='ltr'>ait</span> <span class='ocrx_word' id='word_1_179' title='bbox 510 3593 518 3636; x_wconf 75' lang='grc' dir='ltr'><strong>ε</strong></span> <span class='ocrx_word' id='word_1_180' title='bbox 539 3567 653 3662; x_wconf 91' lang='lat' dir='ltr'>procul</span> <span class='ocrx_word' id='word_1_181' title='bbox 676 3586 785 3637; x_wconf 89' lang='lat' dir='ltr'>arceat</span> <span class='ocrx_word' id='word_1_182' title='bbox 806 3571 915 3663; x_wconf 92' lang='lat' dir='ltr'>ipsum</span> 
     </span>
     <span class='ocr_line' id='line_1_28' title="bbox 77 3680 927 3777; baseline 0.008 -26"><span class='ocrx_word' id='word_1_183' title='bbox 77 3680 82 3687; x_wconf 70' lang='grc'><strong>“</strong></span> <span class='ocrx_word' id='word_1_184' title='bbox 98 3689 197 3752; x_wconf 84' lang='lat' dir='ltr'>Ferre</span> <span class='ocrx_word' id='word_1_185' title='bbox 215 3685 323 3777; x_wconf 86' lang='lat' dir='ltr'>pudor</span> <span class='ocrx_word' id='word_1_186' title='bbox 341 3712 349 3753; x_wconf 80' lang='lat' dir='ltr'><strong><em>z</em></strong></span> <span class='ocrx_word' id='word_1_187' title='bbox 368 3690 420 3756; x_wconf 85' lang='lat' dir='ltr'>vix</span> <span class='ocrx_word' id='word_1_188' title='bbox 440 3691 465 3757; x_wconf 93' lang='lat' dir='ltr'>si</span> <span class='ocrx_word' id='word_1_189' title='bbox 484 3687 608 3756; x_wconf 92' lang='lat' dir='ltr'>bellum</span> <span class='ocrx_word' id='word_1_190' title='bbox 627 3691 784 3757; x_wconf 90' lang='lat' dir='ltr'>comitata</span> <span class='ocrx_word' id='word_1_191' title='bbox 805 3687 927 3758; x_wconf 92' lang='lat' dir='ltr'>relictis</span> 
     </span>
     <span class='ocr_line' id='line_1_29' title="bbox 96 3803 899 3899; baseline -0.002 -25"><span class='ocrx_word' id='word_1_192' title='bbox 96 3804 237 3899; x_wconf 81' lang='lat' dir='ltr'>Deipyle</span> <span class='ocrx_word' id='word_1_193' title='bbox 269 3803 438 3895; x_wconf 91' lang='lat' dir='ltr'>thalamis,</span> <span class='ocrx_word' id='word_1_194' title='bbox 459 3806 506 3876; x_wconf 93' lang='lat' dir='ltr'>illi</span> <span class='ocrx_word' id='word_1_195' title='bbox 526 3806 693 3877; x_wconf 91' lang='lat' dir='ltr'>illudenda</span> <span class='ocrx_word' id='word_1_196' title='bbox 713 3808 899 3877; x_wconf 84' lang='lat' dir='ltr'>tulissem.»</span> 
     </span>
     <span class='ocr_line' id='line_1_30' title="bbox 145 3924 932 4021; baseline 0.003 -27"><span class='ocrx_word' id='word_1_197' title='bbox 145 3926 200 3994; x_wconf 88' lang='lat' dir='ltr'>sic</span> <span class='ocrx_word' id='word_1_198' title='bbox 220 3927 294 3994; x_wconf 85' lang='lat' dir='ltr'>ait:</span> <span class='ocrx_word' id='word_1_199' title='bbox 317 3940 351 3992; x_wconf 92' lang='lat' dir='ltr'>et</span> <span class='ocrx_word' id='word_1_200' title='bbox 368 3924 446 3993; x_wconf 91' lang='lat' dir='ltr'>belli</span> <span class='ocrx_word' id='word_1_201' title='bbox 465 3929 592 4020; x_wconf 86' lang='lat' dir='ltr'>majora</span> <span class='ocrx_word' id='word_1_202' title='bbox 610 3925 651 3995; x_wconf 89' lang='lat' dir='ltr'>ad</span> <span class='ocrx_word' id='word_1_203' title='bbox 670 3928 805 4021; x_wconf 78' lang='lat' dir='ltr'>praemia</span> <span class='ocrx_word' id='word_1_204' title='bbox 823 3943 932 3996; x_wconf 90' lang='lat' dir='ltr'>mente</span> 
     </span>
     <span class='ocr_line' id='line_1_31' title="bbox 97 4043 911 4141; baseline 0.005 -27"><span class='ocrx_word' id='word_1_205' title='bbox 97 4047 242 4117; x_wconf 88' lang='lat' dir='ltr'>Ducitur</span> <span class='ocrx_word' id='word_1_206' title='bbox 261 4073 268 4115; x_wconf 94' lang='lat'><strong>:</strong></span> <span class='ocrx_word' id='word_1_207' title='bbox 290 4049 473 4116; x_wconf 86' lang='lat' dir='ltr'>innumeris</span> <span class='ocrx_word' id='word_1_208' title='bbox 492 4047 591 4118; x_wconf 84' lang='lat' dir='ltr'>veluti</span> <span class='ocrx_word' id='word_1_209' title='bbox 611 4045 665 4116; x_wconf 86' lang='lat' dir='ltr'>leo</span> <span class='ocrx_word' id='word_1_210' title='bbox 683 4043 769 4115; x_wconf 87' lang='lat' dir='ltr'>forte</span> <span class='ocrx_word' id='word_1_211' title='bbox 785 4048 911 4141; x_wconf 85' lang='lat' dir='ltr'>potitus</span> 
     </span>
    </p>
   </div>
   <div class='ocr_carea' id='block_1_5' title="bbox 0 0 1410 5258">
    <p class='ocr_par' dir='ltr' id='par_1_5' title="bbox 0 0 1410 5258">
     <span class='ocr_line' id='line_1_32' title="bbox 0 0 1410 5258; baseline 0 3"><span class='ocrx_word' id='word_1_212' title='bbox 0 0 1410 5258; x_wconf 95' lang='lat' dir='ltr'> </span> 
     </span>
    </p>
   </div>
  </div>
 </body>
</html>
