2812 5258
114 436 145 491 l'·
158 429 208 490 ἢ)
418 433 629 489 Tflssualuos
651 431 760 485 etuas
781 431 831 485 lll.

159 554 256 624 Illum
276 569 436 649 congestae
456 567 628 648 portarum
648 554 689 622 ad
706 553 819 623 limina
838 570 957 626 matres

113 677 160 742 Ut
177 673 282 742 solum
297 673 422 759 videre,
442 669 544 741 nasas!
566 671 656 741 nulla
672 675 802 767 agmina
822 675 964 760 circum,

111 794 406 888 Magnanimosque
426 792 543 879 duces,
562 793 643 862 nihil
660 818 747 863 ausae
762 818 926 888 quaerere,
944 792 1065 863 tollunt

111 910 317 996 Clamorem,
337 910 425 981 bello
443 911 547 1006 qualis
567 938 739 1005 supremus
757 915 879 1007 apertis

110 1031 275 1116 Urbibus,
297 1044 355 1099 aut
370 1030 488 1124 pelago
499 1033 568 1124 jam
587 1031 802 1102 descendente
819 1034 939 1104 canna.

159 1154 205 1219 Ut
224 1152 369 1244 primum
388 1150 484 1218 invisi
503 1150 622 1244 cupido
640 1151 717 1220 duta
736 1154 832 1244 eopia
851 1155 954 1247 regis:

114 1274 229 1339 «Hanc
250 1271 310 1338 tibi
329 1268 370 1339 de
389 1283 482 1338 tanto
501 1269 603 1339 donat
621 1269 708 1340 ferus
724 1273 854 1365 agmine
870 1271 998 1365 Tydeus

113 1388 279 1458 Infelicem
297 1390 459 1476 animam,
478 1390 546 1458 sive
564 1390 633 1458 haec
653 1393 814 1459 sententia
831 1392 972 1478 Divum,

114 1512 177 1578 Seu
194 1509 326 1577 fortuna
342 1509 405 1578 fuit
421 1535 429 1577 ε
446 1533 522 1597 seu,
543 1508 633 1602 quod
652 1510 755 1604 pudet
774 1512 822 1578 ire
840 1511 952 1596 fateri,

111 1631 172 1697 vis
191 1630 312 1697 invicta
328 1630 391 1697 viri
406 1655 413 1696 :
431 1631 485 1696 vix
502 1629 600 1698 eredo
616 1642 649 1698 et
666 1632 821 1714 nuntius,
840 1654 970 1716 omnes,

111 1748 320 1817 Procubuere
338 1772 476 1816 omnes:
497 1749 602 1816 noetis
621 1773 705 1844 vaga
720 1750 845 1822 lumina
862 1763 975 1835 testor,

112 1872 156 1936 Et
173 1869 298 1935 socium
317 1891 444 1951 manes,
465 1882 499 1935 et
517 1881 549 1934 te
564 1867 648 1936 mala
666 1874 817 1962 protinus
837 1868 902 1939 ales

112 1986 189 2074 Qua
207 1985 322 2072 redeo,
343 2010 410 2052 nou
426 1985 512 2053 hanc
529 1984 682 2078 lacrymis
699 1990 870 2076 meruisse,
892 2012 951 2056 nec
966 2001 1039 2055 astu

111 2102 287 2174 Crudelem
306 2106 450 2191 veniam,
467 2119 566 2197 atque
584 2105 753 2174 inhonorae
770 2130 906 2175 munera
923 2104 1014 2174 lucis.

111 2225 175 2292 Sed
193 2222 273 2290 mihi
289 2223 377 2315 jussa
398 2226 523 2311 Deum,
541 2222 729 2317 placitoque
746 2225 859 2320 ignaru
879 2225 1002 2293 moveri

110 2350 271 2435 Atropos,
288 2355 387 2434 atque
403 2341 482 2410 olim
505 2368 571 2411 nou
589 2343 658 2412 haee
680 2344 756 2411 data
770 2346 872 2437 janua
890 2342 946 2414 leti

110 2462 268 2556 Eripuere
286 2485 397 2529 necem
416 2487 424 2528 ε
440 2462 574 2555 jamque
589 2477 627 2529 ut
644 2464 724 2531 mihi
742 2463 879 2558 prodiga
895 2465 970 2531 vitre

110 2583 265 2667 Pectora,
285 2594 317 2648 et
336 2592 515 2647 extremam
533 2579 615 2648 nihil
635 2582 856 2652 horrescentia
874 2597 1014 2653 mortem

109 2700 294 2794 Adspicias3
312 2697 435 2767 bellurn
457 2699 629 2768 infandum
648 2701 880 2794 ominibusque
895 2713 1043 2793 negatam

108 2822 260 2904 Movisti,
278 2819 421 2906 funeste,
442 2820 561 2906 aciem,
582 2819 661 2887 dum
683 2816 805 2913 pellere
825 2816 929 2911 leges,

109 2942 149 3006 Et
169 2939 415 3033 consanguineo
436 2935 544 3031 gliscis
565 2961 703 3030 regnare
724 2937 887 3029 superbus

110 3056 230 3125 Exsule
248 3084 256 3125 :
274 3071 308 3128 te
324 3059 423 3127 series
441 3057 597 3125 orbarum
616 3057 721 3124 excisa
741 3055 917 3124 domorum

110 3173 297 3246 Planetibus
317 3177 475 3264 assiduis,
494 3191 526 3244 te
544 3175 617 3243 diro
636 3176 775 3244 horrore
792 3172 939 3243 volantes

109 3295 357 3389 Quinquaginta
372 3299 490 3365 unimae
507 3297 630 3364 circum
645 3310 824 3388 noctesque
845 3295 978 3388 diesque

108 3411 263 3481 Assilient
280 3439 287 3481 :
304 3418 514 3508 nequeenim
532 3418 602 3509 ipse
618 3418 853 3483 nomentan
870 3429 1017 3483 moverat
1032 3414 1095 3483 iras

108 3539 178 3602 Rex
195 3533 299 3619 ferus,
320 3548 354 3602 et
368 3537 478 3605 tristes
499 3538 672 3630 ignescunt
690 3537 849 3630 sanguine
865 3533 986 3604 vultus.

108 3654 189 3721 Inde
209 3653 297 3724 ultro
318 3651 494 3747 Phlegyas,
510 3671 558 3744 et,
576 3681 643 3724 non
663 3670 836 3724 cunctator
854 3656 978 3747 iniqui,

107 3774 280 3841 Labdacus
300 3774 384 3868 (hos
402 3774 496 3866 regni
516 3775 638 3844 sermm
659 3774 775 3870 penes)
797 3776 860 3860 ire,
877 3798 1046 3867 manuque

106 3892 306 3960 Proturbare
324 3904 443 3985 parant
460 3917 467 3957 :
485 3891 541 3959 sed
558 3896 626 3986 jam
644 3895 824 3963 nudaverat
844 3918 953 3962 ensem

105 4013 341 4106 Magnanimus
361 4025 467 4098 vates3
489 4025 522 4079 et
542 4036 630 4081 nunc
648 4016 751 4082 trucis
770 4037 828 4082 ora
847 4016 993 4106 tyranni,
