2812 5258
417 445 607 501 SILVARUM
627 446 735 503 man
756 449 788 504 l‘.
1070 445 1120 503 151

94 560 375 589 mmmm
789 570 1125 598 mmmmm

566 873 642 958 111.

491 1190 731 1260 EPICEDION

444 1410 779 1461 mensunusum

536 1715 693 1734 *-

147 1997 224 2061 lusu
240 1990 343 2059 malas
360 1992 460 2079 vires,
478 2005 511 2058 et
529 1989 738 2060 lamentabile
756 2017 887 2061 carmen

99 2111 210 2205 Elysio
228 2110 269 2179 de
285 2110 376 2179 fonte
393 2109 490 2198 mihi,
506 2108 704 2203 pulsumque
722 2113 861 2179 sinistre

99 2235 166 2314 Da,
186 2233 315 2324 genitor
335 2228 505 2323 praeclare,
525 2226 602 2323 lyrae
620 2255 628 2297 ε
646 2254 753 2322 neque
771 2232 858 2298 euim
881 2244 976 2299 antra
998 2254 1129 2304 movere

99 2350 210 2438 Delia,
225 2376 285 2419 nec
304 2348 434 2418 solitam
453 2349 501 2418 fas
519 2364 569 2417 est
585 2348 752 2443 impellere
770 2351 933 2442 Cyrrhum

99 2473 146 2538 Te
161 2471 239 2538 sine.
259 2468 397 2562 Corycia
417 2468 578 2561 quidquid
598 2467 696 2536 modo
715 2469 856 2537 Phoebus
873 2470 907 2537 iu
925 2469 1058 2555 umbra,

100 2589 272 2682 Quidquid
291 2590 330 2657 ab
350 2589 495 2656 Ismariis
512 2587 718 2656 monstrabat
733 2585 873 2656 collibus
887 2592 995 2675 Euan,

100 2708 251 2777 Dedidici
269 2735 277 2775 ε
296 2708 408 2800 fugere
422 2732 512 2776 meos
528 2708 682 2775 Parnasia
700 2709 807 2774 crines

102 2824 247 2913 Vellera,
267 2827 495 2919 funestamque
513 2824 616 2894 ederis
634 2827 778 2918 irrepere
795 2839 909 2892 taxum

103 2947 272 3033 Sustinui,
291 2946 537 3038 trepidamque,
557 2940 660 3012 nefas!
677 2968 822 3012 arescere
840 2942 990 3029 laurum,

102 3063 160 3132 llle
180 3089 256 3157 ego,
272 3065 521 3158 magnanimum
540 3064 597 3155 qui
612 3061 697 3130 facta
715 3060 864 3131 attollere
881 3086 996 3155 regum

103 3184 194 3251 lbam
210 3182 314 3251 altum
330 3186 475 3278 spirans,
491 3183 702 3273 Martemque
721 3205 850 3273 aequare
867 3179 1025 3250 canendo.

101 3304 185 3387 Quis
199 3301 301 3370 sterili
320 3327 392 3370 mea
410 3300 509 3371 corda
528 3302 608 3386 situ,
630 3301 720 3392 quis,
736 3298 891 3394 Apolline
907 3322 1020 3386 verso,

102 3421 234 3514 Frigida
253 3421 412 3490 damnatae
432 3419 596 3515 praeduxit
616 3417 729 3488 nubila
746 3417 875 3487 menti?

54 3527 57 3533 ⁵
102 3542 198 3608 Stant
216 3541 338 3608 circum
355 3543 502 3632 attonitae
516 3555 641 3626 vatem,
662 3555 695 3609 et
715 3538 762 3609 nil
780 3537 876 3608 dulce
895 3556 1049 3610 sonantes

103 3661 174 3727 Nec
194 3660 304 3752 digitis
324 3684 384 3727 uec
399 3685 480 3731 voce
498 3661 565 3731 deae
584 3689 591 3730 :
610 3662 676 3731 dux
696 3662 781 3755 ipsa,
800 3658 908 3729 silenti

103 3776 199 3846 Fulta
218 3793 318 3874 caput
334 3777 480 3862 cithara3
497 3780 602 3873 qualis
619 3795 693 3875 post
712 3780 848 3872 Orphea
867 3792 1000 3871 raptum

102 3895 252 3984 Adstitit,
272 3897 397 3982 Hebre,
418 3896 493 3981 tibi,
512 3923 647 3968 cernens
659 3900 729 3991 jam
748 3897 849 3967 surda
868 3896 1011 3967 ferarum

101 4017 259 4110 Agmina,
274 4032 307 4086 et
326 4018 480 4085 immotos
493 4016 622 4088 sublato
638 4019 783 4088 carmine
799 4017 900 4086 lucos.
