2812 5258
91 446 212 507 (aare)
407 445 622 501 russamos
644 446 752 501 suun
776 449 824 502 1v.

93 572 200 663 Orgia
217 570 303 638 serre
321 572 446 655 Getas,
464 594 653 661 canumque
674 571 836 638 virescere
856 570 956 641 dorso

92 689 245 782 Othryn,
264 704 299 758 et
316 693 421 759 lcaria
440 691 629 784 Rhodopen
649 706 840 760 assueverat
861 694 996 779 umbra,

92 812 134 877 Et
146 811 218 903 jam
238 813 436 905 pampineos
452 828 603 881 materna
621 811 663 879 ad
681 812 801 879 moenia
822 834 940 880 currus

92 932 273 1000 Promovet
294 958 301 999 :
323 932 458 1000 ellrenae
477 932 593 1001 dextra
610 930 757 1025 laevaque
775 947 962 1025 sequuntur

14 1136 21 1149 Ι
92 1052 243 1143 Lyaeos,
260 1068 294 1121 et
315 1054 379 1120 uda
398 1077 491 1122 mero
512 1052 665 1121 lambunt
681 1052 864 1121 retinacula
884 1054 995 1147 tigres.

94 1172 172 1239 Post
191 1171 394 1242 exsultantes
416 1172 521 1267 spolia
541 1172 735 1241 armentalia
753 1187 888 1265 portant

95 1292 349 1386 seminecesque
368 1293 481 1386 lupos,
502 1295 684 1386 scissasque
704 1290 915 1363 Mimallones
936 1318 1038 1361 ursas.

96 1412 165 1480 Nee
183 1415 363 1482 comitatus
381 1416 488 1502 iners;
506 1430 583 1483 sunt
605 1414 670 1485 illic
687 1419 758 1502 Ira,
776 1416 970 1506 Furorque,

94 1534 139 1601 Et
156 1535 288 1621 Metus,
308 1549 342 1603 et
360 1536 497 1622 Virtus,
516 1551 549 1604 et
570 1561 741 1628 nunquam
761 1536 893 1605 sobrius
913 1535 1040 1626 Ardor,

95 1653 318 1748 Succiduique
336 1655 479 1751 gradus,
496 1672 529 1725 et
547 1673 657 1726 castra
673 1655 841 1726 simillima
860 1658 941 1751 regi.

95 1774 194 1865 lsque
213 1774 268 1842 ubi
290 1774 448 1869 pulverea
469 1780 619 1847 Nemeen
638 1778 800 1846 ellervere
816 1779 906 1846 nube

97 1894 293 1987 Conspicit,
310 1909 344 1962 et
363 1894 467 1963 solem
484 1895 586 1965 radiis
602 1899 771 1988 ignescere
790 1898 888 1987 lerri,

97 2012 252 2080 Necdum
270 2018 472 2108 compositas
488 2014 566 2083 belli
585 2017 619 2084 in
639 2019 820 2085 certamina
837 2019 984 2105 Thebas,

98 2136 291 2203 Concussus
310 2137 405 2223 visis,
423 2161 615 2230 quanquam
634 2161 694 2205 ore
711 2153 744 2205 et
764 2152 898 2231 pectore
916 2158 1059 2227 marcet,

99 2255 263 2346 AEraque,
283 2270 525 2349 tympanaque,
545 2273 578 2325 et
595 2256 737 2326 biforem
759 2260 898 2328 reticere
915 2258 1094 2329 tumultum

99 2377 264 2467 Imperat,
283 2377 442 2444 attonitas
461 2379 519 2469 qui
535 2379 661 2445 circum
681 2376 844 2472 plurimus
864 2404 977 2463 aures3
1079 2408 1081 2412 ·

102 2498 207 2587 Atque
219 2495 264 2563 ita
278 2520 286 2563 :
298 2524 315 2559 α
325 2496 381 2563 Me
390 2520 508 2564 manus
523 2478 790 2591 ista,'meamque
803 2500 997 2599 exscindere
1011 2516 1141 2595 gentem

56 2678 60 2683 .
101 2621 263 2709 Apparat,
280 2631 314 2683 et
329 2614 427 2710 longe
446 2615 568 2685 recalet
587 2618 705 2687 furor:
727 2619 791 2689 hoc
811 2621 893 2688 mihi
912 2644 1036 2688 saevum

101 2740 207 2829 Argos
224 2751 257 2804 et
278 2736 447 2804 indomitae
461 2735 585 2805 bellum
607 2740 672 2806 ciet
693 2740 742 2807 ira
761 2736 933 2807 novercael

103 2857 217 2949 Usque
234 2855 361 2925 adeone
379 2880 499 2955 parum
519 2860 623 2929 cineri
639 2857 718 2927 data
732 2872 838 2926 mater
855 2860 997 2951 iniquo?

103 2974 304 3073 Natalesque
319 2981 414 3076 rogi?
435 3004 575 3074 quaeque
592 2980 661 3072 ipse
680 2980 835 3047 micantia
852 2982 940 3047 sensi

102 3097 270 3193 Fulgura?
289 3100 457 3194 relliquias
473 3102 594 3186 etiarn,
611 3099 756 3192 fusaeque
774 3099 963 3194 sepulcrum

103 3219 252 3309 Pellicis,
272 3237 305 3291 et
324 3222 463 3290 residem
482 3222 571 3289 ferro
587 3222 671 3315 petit
691 3221 841 3313 improba
857 3221 1005 3321 Theben.

104 3341 245 3409 Nectam
265 3340 383 3410 fraude
403 3366 511 3410 moras
531 3367 538 3409 :
562 3339 673 3424 illum,
694 3338 787 3408 illum
807 3339 933 3409 tendite
952 3368 1125 3437 campum,

103 3461 261 3548 Tendite,
280 3465 328 3551 io,
347 3464 529 3531 comites.»
549 3464 710 3554 Hyrcanae
730 3461 771 3528 ad
793 3463 886 3556 signa
903 3462 1032 3556 jugales

105 3584 298 3651 Intumuere
314 3583 432 3677 jubas3
449 3581 539 3649 dicto
558 3583 649 3674 prius
666 3580 794 3649 adstitit
811 3586 907 3651 arvis.

150 3705 295 3795 Tempus
310 3718 400 3789 erat,
423 3701 524 3771 medii
540 3726 644 3794 quum
661 3700 765 3769 solem
779 3703 813 3770 in
827 3701 974 3771 culmina
988 3704 1105 3773 mundi

101 3820 204 3891 Tollit
222 3820 340 3891 anhela
357 3822 448 3910 dies,
468 3823 524 3890 ubi
544 3821 657 3890 tardus
675 3821 845 3890 hiantibus
864 3826 952 3891 arvis

104 3943 176 4010 Stat
195 3952 315 4037 vapor,
335 3957 435 4035 atque
452 3967 566 4011 omnes
586 3943 768 4010 admittunt
784 3940 908 4010 aetliera
929 3941 1005 4011 luci.

107 4062 280 4131 Undarum
298 4076 393 4131 vocat
410 4062 465 4131 ille
485 4067 590 4149 Deae,
610 4058 806 4153 mediusque
825 4059 981 4129 silentum
