2812 5258
185 437 218 497 n.
235 435 305 498 ηε.)
504 416 717 495 ruminas
739 434 848 491 arnan
871 435 906 490 x.
1176 437 1232 512 189

185 564 231 630 Et
244 562 314 655 jam
330 562 444 655 argiva
464 560 585 630 cohors
598 575 765 629 nocturno
782 562 866 629 freta
884 562 1057 656 triumpho

186 679 321 751 Prosilit
338 683 372 749 in
389 705 527 775 campos
546 708 554 750 ε
571 697 682 777 peret
698 707 810 770 arma,
827 697 861 751 et
876 682 1025 751 membra
1041 684 1233 776 jacentum,

185 805 353 896 Tetraque
371 803 529 898 congerie
547 801 632 890 sola,
651 805 950 896 semianimumque
968 827 1122 872 cruorem

185 922 408 1018 Cornipedes,
427 925 557 1018 ipsique
577 938 707 993 ruunt:
729 926 839 1020 gravis
860 926 980 994 exterit
1000 938 1092 994 artus

187 1042 337 1140 Ungula,
356 1046 558 1140 sanguineus
575 1043 666 1113 lavat
682 1044 808 1133 imber,
825 1060 859 1113 et
873 1045 1013 1140 impedit
1030 1070 1118 1114 axes.

185 1165 294 1237 Dulce
311 1168 390 1236 viris
407 1167 470 1236 hac
487 1169 536 1234 ire
553 1167 623 1254 via,
644 1190 705 1234 ceu
724 1180 808 1236 tecta
830 1168 964 1262 superbi

186 1286 343 1376 Sidonia,
364 1302 465 1383 atque
485 1289 574 1382 ipsas
593 1285 723 1356 calcent
741 1288 776 1359 in
795 1286 934 1383 pulvere
951 1288 1091 1359 Thebas.

235 1414 399 1478 Hortatur
415 1411 591 1504 Capaneus
612 1434 620 1478 ι
640 1412 751 1479 «satis
768 1409 950 1496 occultata,
968 1409 1118 1507 Pelasgi,

186 1529 331 1602 Delituit
351 1531 482 1599 virtus:
503 1554 593 1599 nunc
608 1554 699 1600 nunc
720 1533 801 1600 milri
821 1534 954 1602 vincere
968 1532 1147 1627 pulchrum

184 1640 284 1753 ‘leste
300 1651 354 1721 die
372 1676 381 1719 ε
401 1676 532 1722 mecum
554 1651 699 1722 clamore
718 1666 751 1722 et
771 1652 906 1748 pulvere
928 1669 1046 1749 aperto

184 1776 236 1843 Ite
253 1771 382 1870 palam,
397 1773 536 1867 juvenes
547 1799 567 1842 ·:
586 1787 664 1842 sunt
682 1788 714 1842 et
733 1775 816 1843 mihi
833 1774 973 1869 provida
994 1775 1120 1845 dextrae

186 1896 328 1980 Omina,
347 1908 381 1963 et
398 1892 558 1962 horrendi
579 1895 695 1964 stricto
715 1918 877 1964 mucrone
895 1895 1064 1966 furores.»

187 2016 242 2085 Sic
255 2016 303 2084 ait
323 2040 330 2082 :
350 2013 504 2083 ardentes
525 2011 633 2082 alacer
652 2013 823 2083 succendit
842 2013 1004 2085 Adrastus

187 2134 430 2232 Argolicusque
449 2158 551 2230 gener
570 2160 578 2203 :
597 2135 747 2229 sequitur
761 2136 831 2229 jam
849 2137 976 2204 tristior
993 2161 1110 2232 augur.

185 2260 327 2350 lamque
346 2270 505 2349 premunt
526 2279 661 2343 muros,
682 2269 714 2324 et
741 2256 852 2325 adhuc
872 2281 960 2326 nova
981 2256 1098 2327 funera
1122 2274 1234 2328 narrat

185 2378 376 2472 Amphion,
398 2376 620 2469 miseramque
639 2375 810 2445 intrabant
829 2379 983 2470 protinus
1004 2379 1143 2466 urbem,

186 2498 231 2566 Ni
247 2499 424 2591 Megareus
441 2493 576 2589 specula
596 2497 681 2564 citus
701 2494 917 2567 exclamasset
934 2499 976 2567 ab
994 2497 1062 2567 alta
1083 2526 1091 2567 ε

186 2646 203 2681 a
215 2615 361 2705 Claude,
373 2614 455 2712 vigil
466 2641 474 2684 :
487 2615 631 2683 subeunt
643 2617 753 2685 hostes
770 2616 906 2687 :claude
918 2620 1067 2711 undique
1079 2635 1203 2712 portas.
1216 2651 1231 2682 n

235 2741 294 2808 Est
311 2736 369 2805 ubi
389 2735 447 2804 dat
466 2737 552 2803 vires
570 2735 691 2802 nimius
710 2736 811 2804 timor
830 2763 837 2803 :
859 2761 961 2830 ocyus
977 2739 1086 2805 omnis

186 2861 288 2929 Porta
308 2859 376 2927 coit
394 2883 401 2925 :
421 2855 508 2926 solas
526 2854 607 2924 dum
622 2854 751 2924 tardius
768 2870 873 2924 arctat
889 2853 1019 2927 Echion

187 2981 350 3075 Ogygias,
367 2977 477 3048 audax
495 2976 598 3045 animi
616 2978 781 3071 Spartana
796 2976 957 3069 juventus

187 3101 332 3194 irrupit,
350 3100 491 3191 caesique
506 3111 610 3166 ruunt
629 3099 663 3166 in
682 3096 796 3166 limine
813 3100 940 3193 primo,

187 3218 302 3290 Incola
319 3220 456 3313 Taygeti
475 3221 666 3313 Panopeus,
686 3217 853 3313 rigidique
869 3235 1003 3289 natator

188 3340 338 3411 OFbalus
354 3345 490 3410 Eurotae
507 3365 515 3408 :
535 3354 654 3434 tuque,
672 3365 693 3410 o
713 3355 860 3434 spectate
878 3339 1039 3436 palaestris

187 3462 371 3550 Omnibus,
390 3476 424 3530 et
444 3484 552 3556 nuper
570 3485 715 3530 nemeaeo
731 3461 766 3529 in
784 3458 921 3556 pulvere
939 3461 1038 3549 felix,

189 3579 380 3668 Alcidama,
397 3583 514 3678 primis
531 3607 631 3676 quem
648 3583 800 3653 wstibus
817 3584 887 3678 ipse
903 3582 1024 3679 ligarat

188 3700 413 3796 Tyndarides,
434 3704 530 3773 nitidi
551 3704 698 3773 moriens
718 3727 866 3772 convexa
887 3705 1035 3799 magistri

188 3823 363 3916 Respicis:
384 3848 499 3892 averso
519 3822 643 3918 pariter
660 3828 753 3894 Deus
770 3825 893 3894 occidit
912 3840 1013 3895 astro.

186 3946 236 4012 Te
256 3967 375 4012 nemus
391 3941 588 4031 orbilium,
608 3958 642 4013 te
659 3943 787 4014 lubrica
806 3948 879 4039 ripa
898 3949 1044 4016 anaenae

186 4065 351 4160 Virginis,
374 4080 407 4134 et
429 4061 511 4134 falso
533 4089 653 4160 gurges
673 4080 825 4134 cantatus
843 4063 936 4134 olore
