2774 5256
318 385 353 440 18
616 378 827 434 THEBAIDOS
849 375 959 432 LIBER
988 378 1027 431 lV
1252 373 1292 436 (v.
1305 372 1376 437 504⁵)

315 509 459 581 Audior?
476 534 518 578 ao
539 507 654 577 rabido
672 506 787 598 jubeat
803 505 829 571 si
851 502 1007 571 Thessala
1026 517 1126 570 cantu

315 629 431 700 Ibitis?
449 644 482 697 et
499 627 660 720 Scythicis
678 627 808 718 quoties
824 639 951 693 armata
972 624 1106 691 venenis

315 749 449 820 Colchis
467 764 560 843 aget,
582 745 711 840 trepido
729 744 900 838 pallebunt
918 745 1058 813 Tartara
1075 742 1196 812 motu?

316 872 430 938 Nostri
449 893 528 938 cura
550 871 676 954 minor,
696 868 723 934 si
743 892 810 933 non
833 864 988 934 attollere
1008 864 1114 934 bustis

315 995 483 1084 Corpora,
503 1014 563 1057 nec
585 987 698 1082 plenas
716 987 863 1079 antiquis
882 986 1011 1054 ossibus
1031 1010 1133 1054 urnas

315 1116 475 1206 Egerere,
494 1125 527 1177 et
546 1110 669 1177 mixtos
688 1105 829 1200 coelique
846 1104 1014 1200 Erebique
1034 1107 1096 1174 sub
1116 1131 1227 1176 unum

315 1237 497 1301 Funestare
518 1234 609 1299 Deos
627 1227 727 1314 libet,
752 1244 812 1297 aut
829 1229 1008 1322 exsanguia
1029 1227 1118 1297 ferro

315 1357 384 1424 Ora
404 1353 513 1446 sequi,
529 1365 588 1419 aut
605 1374 709 1445 aegras
727 1349 921 1418 functorum
937 1374 1073 1444 carpere
1089 1348 1214 1417 fibras?

316 1475 368 1542 Ne
388 1488 504 1541 tenues
521 1497 643 1556 annos,
665 1472 855 1564 nubemque
872 1472 961 1539 hanc
981 1469 1102 1539 frontis
1119 1494 1254 1564 opacae,

316 1595 469 1688 Spernite
486 1617 543 1678 ne,
562 1616 702 1678 moneo,
720 1607 754 1659 et
775 1591 870 1661 nobis
889 1593 1002 1659 saevire
1017 1589 1168 1660 facultas.

317 1717 448 1783 Scimus
468 1715 558 1783 enim
578 1727 612 1781 et
631 1711 797 1806 quidquid
815 1711 898 1797 dici,
917 1714 1078 1804 noscique
1095 1713 1240 1800 timetis,

316 1840 360 1905 Et
376 1837 511 1904 turbare
528 1839 695 1920 Hecaten,
718 1837 821 1921 nite,
842 1834 1056 1927 Thymbraee,
1078 1856 1211 1902 vererer
1230 1858 1240 1901 ε

316 1961 360 2026 Et
378 1953 517 2049 triplicis
535 1955 652 2024 mundi
670 1979 856 2040 summum,
872 1979 973 2047 quem
991 1956 1074 2024 seire
1089 1951 1258 2023 nefastum
1270 1969 1344 2025 est:

316 2075 416 2145 Illum
436 2075 493 2144 sed
511 2091 605 2145 taceo
624 2102 631 2143 :
653 2076 808 2169 prohibet
827 2074 1004 2168 tranquilla
1023 2089 1185 2145 senectus.

316 2201 456 2289 Jamque
475 2221 536 2291 ego
558 2193 675 2264 vos....l
694 2226 711 2259 »
731 2194 836 2265 hvide
854 2197 974 2264 subicit
995 2197 1151 2266 Phoebeia
1169 2200 1308 2268 Manto:

316 2315 499 2403 «audiris,
519 2317 666 2409 genitor,
682 2315 869 2409 vulgusque
891 2341 1055 2411 exsangue
1075 2320 1287 2413 propinquat.

313 2432 478 2506 Panditur
498 2435 648 2529 Elysium
665 2437 790 2524 Chaos,
810 2453 843 2505 et
862 2436 991 2507 telluris
1011 2455 1136 2533 opertae

315 2556 443 2627 Dissilit
463 2557 580 2624 umbra
600 2579 723 2649 capax,
742 2554 917 2650 silvaeque,
935 2574 969 2626 et
987 2562 1083 2653 nigra
1102 2575 1277 2654 patescunt

315 2679 484 2764 Flumina,
504 2676 643 2746 liventes
660 2678 816 2747 Acheron
834 2681 956 2781 ejectat
974 2706 1101 2750 arenas.

317 2801 476 2870 Fumidus
494 2816 567 2869 atra
583 2799 674 2868 vadis
693 2799 901 2895 Phlegethon
924 2803 1077 2872 incendia
1096 2804 1220 2895 volvit,

316 2928 360 2991 Et
379 2928 458 3016 Styx
476 2923 625 2992 discretis
641 2922 797 2991 interllua
811 2924 970 2992 Manibus
988 2926 1108 2995 obstat.

317 3046 431 3136 Ipsum
451 3043 632 3135 pallentem
653 3042 752 3130 solio,
774 3026 966 3138 circumque
984 3048 1150 3117 ministras

316 3166 539 3230 Funestorurn
556 3188 696 3256 operum
712 3164 929 3250 Eumenides,
948 3170 1136 3261 Stygiaeque
1156 3194 1289 3241 severos

316 3284 457 3351 Junonis
476 3281 658 3371 thalamos,
675 3301 708 3352 et
726 3300 839 3353 moesta
861 3286 984 3354 cubilia
1002 3314 1112 3358 cerno.

318 3408 357 3472 In
374 3399 517 3496 speculis
538 3405 632 3471 Mors
653 3420 723 3474 atra
742 3405 850 3492 sedet,
868 3406 1079 3503 dominisque
1101 3410 1234 3483 silentes

317 3530 528 3594 Annumerat
546 3524 689 3617 populos
707 3551 717 3593 t
739 3529 845 3620 major
864 3533 1086 3622 supereminet
1104 3533 1199 3601 ordo.

317 3646 451 3714 Arbiter
469 3645 531 3712 hos
546 3642 632 3714 dura
651 3661 758 3714 versat
776 3651 961 3741 Gortynius
982 3678 1082 3737 urna,

317 3770 406 3835 Vera
423 3767 523 3834 minis
545 3790 699 3859 poscens,
716 3766 887 3862 adigitque
907 3797 1103 3865 expromere
1122 3778 1208 3845 vitas

318 3891 431 3980 Usque
451 3902 562 3972 retro,
582 3901 615 3953 et
636 3887 771 3956 tandem
789 3915 963 3982 poenarum
985 3893 1078 3963 lucra
1099 3896 1207 3968 fateri.

318 4007 411 4097 Quid
432 4008 493 4075 tibi
514 4021 661 4077 monstra
681 4011 797 4097 Erebi,
818 4012 959 4105 Scyllas,
982 4031 1015 4082 et
1033 4018 1133 4086 inane
1153 4020 1302 4090 furentes
