2812 5258
112 469 148 528 (v.
161 469 231 529 aas.)
414 460 669 517 ACfltLLElDOS·
683 458 794 513 LIBER
815 460 836 511 l.
1087 455 1142 515 273

115 592 228 658 Litore
248 589 408 680 Abydeno
426 590 525 657 maris
545 586 658 681 alligat
677 583 766 655 unda
786 586 930 677 superni.

116 712 236 777 Fervet
251 733 345 777 amor
361 706 458 793 belli,
477 728 718 798 concussasque
732 704 829 795 erigit
850 703 956 771 urbes.

115 829 191 895 AEra
210 826 346 897 domant
361 831 504 896 Temese
521 853 530 894 z
549 827 697 920 quatitur
716 820 888 892 navalibus
905 844 965 888 ora

115 948 263 1016 Eubois:
284 950 455 1018 innumera
474 961 630 1016 resonant
647 944 766 1013 incude
783 945 930 1034 Mycenae
951 964 959 1006 :

115 1067 189 1133 Pisa
207 1084 306 1136 novat
325 1093 443 1138 currus
463 1070 612 1137 :Nemee
632 1064 689 1132 dat
706 1078 798 1156 terga
817 1062 959 1129 ferarum
980 1084 987 1125 :

114 1188 235 1257 Cirrha
261 1187 458 1281 sagittiferas
475 1200 580 1255 certat
597 1182 906 1276 stipare-pharetras
926 1205 933 1245 :

116 1309 224 1374 lerna
242 1329 358 1399 graves
375 1304 507 1399 clypeos
525 1305 615 1373 caesis
635 1304 754 1371 vestire
768 1300 931 1394 juvencis.

116 1430 184 1493 Dat
202 1423 289 1492 hello
306 1425 432 1519 pedites
450 1423 592 1511 AEtolus,
607 1439 639 1492 et
659 1448 755 1516 asper
771 1428 922 1492 Acarnan
941 1445 948 1486 ε

118 1549 225 1638 Argos
243 1546 310 1637 agit
329 1558 452 1613 tunnas
473 1571 481 1612 :
501 1560 684 1613 vacuantur
701 1568 823 1638 pascua
841 1542 924 1611 ditis·

117 1663 264 1732 Arcadiae
285 1663 416 1733 :frenat
436 1663 559 1734 celeres
575 1665 693 1758 Epiros
709 1663 862 1733 alumnos
881 1688 888 1729 :

117 1782 251 1866 Phocis,
271 1798 304 1852 et
319 1786 433 1853 Aonia
446 1783 565 1877 jaculis
587 1784 750 1852 rarescitis
765 1784 890 1852 umbra
909 1808 917 1850 :

116 1905 292 1971 Murorum
307 1918 474 1972 tormenta
489 1901 586 1996 Pylos
608 1906 828 1994 Messenaque
846 1901 998 1971 tendunt.

116 2021 218 2091 Nulla
236 2025 391 2091 immunis
407 2023 527 2091 humus
546 2049 554 2089 ι
576 2016 746 2089 v'elluntur
763 2021 913 2115 pestibus
930 2019 1006 2089 altis

118 2147 218 2211 Arma
236 2141 316 2209 olim
332 2143 466 2210 dimissa
483 2157 632 2234 patrum,
653 2141 857 2234 flammisque
873 2139 1062 2234 liquescunt

117 2265 215 2329 Dona
233 2264 340 2329 Deum
364 2287 372 2328 :
389 2276 521 2355 raptum
537 2262 673 2355 Superis
687 2264 779 2330 Mars
793 2260 910 2329 efferat
928 2285 1057 2329 aurum.

118 2381 290 2473 Nusquam
305 2380 429 2448 umbre
444 2395 568 2448 veteres
583 2407 591 2448 :
605 2382 714 2449 minor
722 2381 864 2475 Othrys,
875 2395 909 2449 et
920 2379 1024 2449 ardua
1038 2379 1150 2447 sidunt

117 2502 276 2593 Taygeta,
296 2500 385 2568 exuti
403 2498 559 2568 viderunt
576 2524 651 2569 aera
670 2516 808 2569 montes.

118 2622 190 2687 Jam
213 2633 304 2688 natat
321 2643 418 2687 omne
436 2643 552 2688 nemus
571 2644 578 2686 :
598 2620 771 2689 mutatur
787 2621 910 2689 robora
927 2620 1022 2689 classi
1040 2645 1048 2686 :

120 2738 208 2807 Silva
230 2741 338 2807 minor
356 2740 456 2808 reniis
480 2763 488 2806 ε
506 2739 629 2808 ferrum
647 2738 778 2807 laxatur
794 2739 836 2807 ad
857 2764 946 2807 usus-

119 2862 333 2944 lnnumeros,
349 2859 439 2954 quod
455 2875 562 2930 rostra
581 2858 674 2955 liget,
694 2858 785 2952 quod
804 2861 932 2927 muniat
949 2884 1058 2936 arma,

120 2976 296 3072 Belligeros
316 2979 405 3072 quod
424 2981 529 3049 frenet
549 3004 666 3073 equos,
686 2978 776 3071 quod
794 2976 885 3047 mille
902 2980 1026 3047 catenis

120 3097 315 3190 squalentes
332 3114 442 3167 nectat
459 3101 607 3183 tunicas,
622 3097 713 3191 quod
730 3100 890 3192 sanguine
906 3097 1027 3177 sumet,

121 3217 333 3312 Vulneraque
348 3215 415 3286 alta
430 3217 539 3304 bibat,
556 3218 645 3311 quod
662 3219 875 3312 conspirante
890 3240 1019 3286 venene

120 3336 274 3431 lmpellat
293 3352 416 3406 mortes
436 3364 445 3407 ε
462 3353 668 3432 tenuantque
687 3340 860 3407 humentia
878 3364 955 3407 saxa

120 3459 261 3541 Attritu,
277 3473 310 3527 et
327 3460 429 3552 nigris
442 3456 570 3528 addunt
586 3459 799 3528 mucronibus
817 3460 893 3527 iras.

121 3579 191 3646 Nec
212 3577 349 3666 modus,
370 3595 427 3649 aut
444 3604 540 3648 arcus
560 3578 705 3665 lentare,
723 3595 782 3648 aut
798 3579 936 3650 fundere
954 3578 1105 3674 glandes,

125 3700 190 3764 Aut
207 3710 333 3767 torrere
349 3699 464 3783 sudes,
481 3699 655 3794 galeasque
674 3699 824 3770 attollere
842 3703 945 3770 conis.

122 3818 191 3882 llos
212 3816 298 3882 inter
316 3832 425 3884 motus
445 3820 574 3911 pigram
596 3819 698 3911 gemit
715 3845 773 3888 ora
789 3823 932 3913 quietem

122 3932 305 4020 Thessalis,
322 3949 356 4003 et
375 3937 515 4029 geminis
534 3937 660 4006 incusat
679 3938 746 4008 fata
764 3940 923 4033 querelis,

123 4052 224 4141 Quod
242 4054 352 4124 senior
367 4053 502 4140 Peleus,
518 4080 581 4124 nec
598 4055 706 4125 adlutc
721 4072 872 4125 maturus
887 4057 1039 4126 Achilles.

269 4201 302 4244 u.
984 4182 1024 4248 18
