2812 5258
72 457 186 520 (usos.)
388 451 604 509 rnenunos
627 452 737 508 LIBER
758 453 807 507 lx.
1058 476 1110 528 171

71 587 211 676 Jamque
232 581 333 649 instat
347 575 437 665 telis,
454 593 487 647 et
505 594 682 671 utramque
699 577 857 672 obliquus
875 582 908 648 in
927 580 1041 650 ulnam

71 706 207 772 Cornua
224 700 389 796 contingit
409 723 588 786 mucrone,
605 715 639 768 et
658 715 792 792 pectora
811 726 937 770 nervo:

71 825 186 912 Quum
204 821 297 890 ducis
312 820 411 890 Aonii
427 845 551 914 magno
569 820 634 889 cita
652 821 785 890 turbine
803 825 914 915 cuspis

71 947 190 1013 Fertur
207 946 240 1011 in
259 940 452 1028 adversum,
471 943 630 1034 nervique
648 941 784 1034 obliqua
802 946 913 1011 sonori

72 1063 190 1134 Vincla
206 1077 314 1148 secat;
333 1079 475 1157 pereunt
492 1064 595 1146 ictus,
614 1063 836 1156 manibusque
857 1066 999 1134 remissis

72 1188 168 1254 Vana
186 1185 342 1278 supinato
362 1181 555 1251 ceciderunt
571 1181 698 1276 spicula
716 1209 831 1252 cornu.

71 1308 164 1374 Tunc
181 1307 282 1373 miser
296 1318 329 1372 et
348 1302 460 1371 frenos
480 1303 651 1389 turbatus,
670 1318 703 1372 et
721 1328 813 1372 arma
830 1307 975 1392 remisit,

71 1425 230 1496 Vulneris
248 1425 442 1518 impatiens,
464 1423 592 1492 humeri
612 1449 677 1517 qua
695 1427 841 1520 tegmina
862 1426 966 1494 dextri

70 1547 234 1632 Intrarat,
254 1543 450 1639 facilemque
468 1560 577 1615 cutem
594 1545 683 1615 subit
703 1545 804 1615 altera
825 1551 955 1643 cuspis,

71 1665 335 1761 Cornipedisque
354 1664 466 1760 sugam
487 1667 615 1735 succiso
638 1665 764 1761 poplite
782 1669 878 1737 sistit.
956 1753 957 1759 ἵ

70 1790 166 1856 Tunc
184 1786 272 1856 cadit
288 1789 358 1882 ipse
375 1790 500 1880 Dryas,
521 1789 663 1873 mirum,
681 1814 741 1858 nec
759 1788 906 1859 vulneris
924 1814 1062 1882 usquam

71 1909 251 1995 Conscius,
269 1905 349 1976 olim
370 1921 485 1975 auctor
506 1906 579 1990 teli,
598 1933 769 2002 causaeque
787 1911 954 2002 patebant.

121 2034 165 2096 At
184 2053 268 2121 puer
284 2026 411 2096 infusus
432 2029 544 2113 sociis,
565 2031 598 2096 in
621 2029 718 2097 devia
736 2034 844 2125 campi

70 2145 231 2231 Tollitur,
251 2146 317 2215 heu
334 2146 472 2241 simplex
491 2145 586 2216 aetas!
610 2151 820 2243 moriensque
834 2153 998 2244 jacentem

71 2267 186 2336 Flebat
204 2292 350 2361 equum:
372 2266 489 2336 cecidit
506 2267 616 2338 laxata
633 2270 758 2339 casside
779 2271 905 2360 vultus,

73 2392 238 2484 AEgraque
255 2412 315 2483 per
336 2388 483 2481 trepidos
502 2393 647 2483 exspirat
662 2393 769 2484 gratia
789 2394 894 2479 visus,

72 2513 115 2578 Et
130 2509 258 2604 prensis
276 2533 435 2577 concussa
454 2511 576 2596 comis,
596 2527 646 2579 ter
664 2511 765 2598 colla,
783 2528 967 2606 quaterque

61 2631 166 2738 ⁴Stare
181 2643 320 2724 negant,
337 2631 481 2723 ipsisque
500 2630 590 2698 nefas
610 2629 822 2724 lacrymabile
840 2634 979 2718 Thebis,

71 2752 146 2819 Ibat
164 2774 353 2844 purpureus
372 2751 471 2817 niveo
492 2749 533 2817 de
551 2764 684 2843 pectore
701 2753 844 2845 sanguis.

71 2870 218 2938 Tandem
234 2868 302 2938 haec
319 2869 465 2964 singultu
484 2870 581 2939 verba
597 2869 764 2938 incidente
780 2869 955 2962 profatur:

119 3021 135 3053 «
148 2989 332 3058 Labimur:
351 2992 377 3074 i,
396 2992 571 3075 miseram,
588 2993 736 3078 Dorceu,
756 2989 862 3059 solare
882 3005 1053 3084 parentem

64 3109 131 3210 ¹Illa
150 3108 304 3203 quidem,
325 3109 352 3175 si
372 3135 447 3177 vera
465 3109 576 3179 ferunt
595 3111 755 3204 praesagia
773 3135 876 3197 curae,

71 3234 138 3298 Aut
156 3254 273 3298 somno
288 3229 359 3321 jam
379 3230 471 3298 triste
490 3230 597 3317 nefas,
617 3245 676 3300 aut
693 3232 804 3299 omine
825 3231 917 3298 vidit.

70 3352 121 3417 Tu
142 3364 251 3418 tamen
268 3363 338 3417 arte
355 3349 410 3443 pia
430 3351 593 3443 trepidam
612 3350 794 3445 suspende,
812 3351 937 3445 diuque
1022 3413 1026 3419 .

70 3471 224 3560 Decipito
240 3495 248 3536 ε
264 3494 330 3576 neu
351 3484 385 3538 tu
407 3469 552 3556 subitus,
574 3496 656 3540 neve
673 3495 765 3538 arma
784 3473 909 3540 tenenti

71 3590 228 3674 Veneris,
246 3603 278 3656 et
297 3588 429 3658 tandem
447 3616 549 3683 quum
565 3593 634 3684 jam
652 3617 769 3686 cogere
790 3591 903 3679 lateri,

71 3709 136 3777 Dic
155 3733 162 3775 :
184 3748 227 3762 -
243 3711 370 3792 Merui,
387 3713 545 3804 genitrix,
565 3736 699 3806 poenas,
718 3714 822 3782 invita
839 3737 1009 3808 capessens

73 3835 171 3901 Arma
189 3853 272 3922 puer
289 3831 401 3922 rapui,
419 3857 480 3900 nec
498 3847 531 3900 te
552 3835 716 3902 retinente
734 3836 866 3926 quievi:

71 3954 143 4022 Nec
160 3950 222 4019 tibi
241 3946 390 4018 sollicitae
411 3949 527 4019 saltem
544 3954 630 4021 inter
649 3951 737 4022 bella
752 3957 895 4048 peperci.

69 4073 154 4142 Vive
169 4073 286 4169 igitur,
306 4071 483 4164 potiusque
500 4075 618 4142 animis
641 4076 780 4141 irascere
797 4076 940 4144 nostris:
