2812 5258
300 443 355 479 ano
601 423 811 482 THEBAIDOS
832 424 943 478 LIBER
962 424 1013 479 xl.
1205 425 1236 486 (v.
1253 429 1326 489 aaa.)

299 548 501 616 Umbrarum
517 562 645 631 custos,
663 546 844 638 mundique
866 548 1059 614 novissimus
1081 546 1181 613 lraeres

297 665 438 754 Palluit,
455 668 571 736 amisso
590 665 723 734 veniens
742 667 776 732 in
794 668 931 734 Tartara
946 664 1040 733 coelo.

344 788 419 854 Non
438 801 545 853 tamen
565 782 701 852 indulsit
717 780 854 877 pugnae,
871 798 1088 876 cunctataque
1107 785 1215 876 primo

297 905 448 974 Substitit
465 905 498 971 in
518 902 656 982 scelere,
673 918 705 972 et
724 901 870 996 paullum
879 907 1026 972 Fortuna
1039 918 1165 971 morata
1181 920 1240 972 est.

296 1027 350 1094 Bis
372 1049 469 1094 cassae
486 1025 613 1118 periere
633 1025 717 1092 via:
738 1024 788 1091 bis
807 1025 956 1092 cominus
975 1039 1065 1092 actos

294 1145 422 1215 Avertit
436 1146 543 1213 bonus
559 1168 652 1212 error
663 1168 788 1235 equos,
805 1156 961 1236 puraeque
981 1143 1111 1212 nefandi

295 1267 469 1358 Sanguinis
486 1263 629 1357 obliquis
646 1263 837 1332 ceciderunt
856 1262 974 1332 ictibus
994 1264 1105 1333 hastae.

294 1382 450 1453 Tendunt
467 1383 561 1453 frena
578 1408 696 1468 manu,
715 1398 747 1450 et
767 1385 859 1451 saevis
877 1381 1058 1452 calcaribus
1079 1402 1199 1480 urgent

294 1506 480 1573 immeritos
498 1518 632 1571 amovet
652 1517 685 1571 et
701 1504 847 1597 geminas
866 1503 1051 1571 miserabile
1069 1505 1192 1573 Divum

295 1625 485 1719 Prodigium
503 1638 647 1707 turmas,
663 1622 853 1716 alternaque
869 1624 1039 1693 murmura
1054 1624 1193 1693 volvunt

294 1748 500 1830 Massantes;
518 1745 638 1813 iterare
658 1744 777 1831 aciem,
795 1768 998 1838 procurrere¹
1011 1769 1095 1839 saepc

293 1868 459 1958 Impetus,
480 1880 513 1932 et
530 1879 637 1934 totum
656 1865 780 1932 miseris
800 1889 968 1958 opponere
985 1863 1117 1934 bellum.

342 1984 543 2053 Jamdutlum
564 1986 657 2053 terris
678 1998 828 2076 coetuque
847 1984 972 2053 offensa
988 1989 1134 2054 Deorum
1217 2008 1220 2012 ⁴

296 2109 420 2174 Aversa
437 2103 510 2175 coeli
530 2107 638 2174 Pietas
657 2107 690 2173 in
709 2121 802 2200 parte
820 2105 974 2191 sedebat,

293 2227 370 2293 Non
392 2225 526 2312 habitu,
545 2250 612 2318 quo
630 2240 708 2293 nota
726 2227 837 2317 prius,
861 2251 926 2293 nou
946 2251 1003 2294 ore
1022 2251 1157 2309 sereno,

292 2342 355 2411 Sed
373 2345 462 2411 vittis
480 2357 576 2436 exuta
593 2367 737 2428 comam,
755 2342 964 2434 fraternaque
982 2342 1087 2429 bella,

291 2464 362 2532 Ceu
382 2486 476 2530 soror
492 2459 605 2528 infelix
623 2475 848 2554 pugnantum,
865 2476 923 2528 aut
939 2462 1034 2529 anxia
1052 2478 1169 2547 mater,

292 2581 459 2668 Dedebat,
478 2604 665 2672 saevumque
680 2583 810 2667 Jovem,
827 2583 1008 2675 Parcasque
1026 2597 1179 2650 nocentes

292 2700 504 2786 Vociferaos,
520 2725 655 2794 seseque
677 2699 761 2795 polis
777 2717 810 2771 et
830 2701 902 2771 luce
922 2700 1035 2771 relicta

292 2825 530 2891 Descensuram
546 2821 675 2905 Erebo,
691 2835 723 2889 et
741 2823 870 2916 Stygios
884 2824 954 2915 jam
974 2818 1068 2888 malle
1087 2837 1231 2914 penates.

291 2973 307 3005 (ι
322 2940 414 3028 Quid
429 2965 496 3027 me,
512 2943 572 3028 ait,
592 2956 628 3008 ut
645 2944 736 3012 saevis
754 2945 975 3024 animantum,
993 2965 1031 3009 ac
1048 2966 1132 3035 sape
1155 2946 1322 3032 Deorum,

291 3061 505 3130 Obstaturam
523 3062 654 3148 animis,
671 3063 822 3154 princeps
840 3065 980 3146 Natura,
991 3061 1148 3128 creabas?

227 3262 230 3267 Ι
263 3248 272 3267 ,
291 3179 345 3250 Nil
364 3182 433 3273 jam
452 3204 514 3273 ego
530 3204 589 3273 per
605 3177 762 3273 populos,
782 3201 942 3270 nusquam
961 3181 1142 3247 reverentia
1153 3181 1270 3249 nostri.

293 3303 324 3369 O
341 3299 444 3380 furor,
460 3324 481 3367 o
497 3300 664 3385 homines,
682 3298 826 3389 diraque
843 3298 1056 3366 Prometheos
1076 3295 1178 3367 artes!

292 3421 401 3506 Quam
420 3420 503 3487 bene
519 3434 594 3511 post
609 3418 768 3510 Pyrrham
785 3414 882 3484 tellus
900 3432 1086 3511 pontusque
1103 3415 1279 3486 vacabant!

292 3541 343 3604 En
360 3536 498 3605 mortale
515 3533 633 3629 genus!
649 3565 665 3598 a
681 3535 797 3604 Dixit:
816 3536 1047 3629 speculataque
1068 3553 1219 3629 tempus,

291 3687 307 3719 a
326 3655 493 3725 Auxilium
511 3671 692 3743 tentemus,
710 3657 775 3744 ait,
793 3656 869 3725 licet
888 3657 981 3724 irrita
1002 3681 1120 3742 concr;
1135 3686 1151 3718 »

224 3820 228 3828 ·
292 3774 496 3868 Desiluitque
516 3773 593 3868 polo
612 3801 619 3842 :
638 3777 753 3845 niveus
769 3778 830 3844 sub
850 3777 994 3845 nubibus
1016 3776 1091 3844 altis

293 3898 493 3988 Quanquam
509 3909 623 3964 moesta
638 3899 717 3964 Deae
735 3898 884 3990 sequitur
903 3897 1036 3990 vestigia
1056 3896 1156 3966 limes.

296 4018 359 4084 Vix
375 4030 509 4083 steterat
526 4040 663 4108 campo,
682 4015 789 4084 subita
807 4041 1032 4085 mansuescere
1050 4042 1131 4109 paco
