2812 5258
67 421 99 477 u.
112 393 182 485 fis.)
373 417 585 473 rursamos
608 416 716 470 nram
738 416 798 470 vu.
1066 412 1103 488 9³

115 543 254 611 ‘Viderat
272 542 422 609 Inachias
438 539 590 633 rapidum
608 538 792 632 glomerare
810 541 961 608 cohortes

42 754 48 767 ἱ
66 664 217 733 Bacchus
231 664 310 746 iter3
330 661 455 754 gemuit
469 661 603 752 Tyriam
620 684 797 728 conversus
812 658 854 727 ad
872 662 1005 746 urbem,

65 783 290 875 Altricemque
308 780 462 866 domum,
480 795 513 848 et
529 781 655 874 patrios
675 781 897 848 reminiscitur
916 781 1024 872 ignes,

53 906 276 996 'Purpureum
294 903 377 969 tristi
397 900 548 969 turbatus
567 915 703 995 pectora
720 898 869 985 vultum;

65 1025 145 1094 Non
164 1024 288 1109 crines,
309 1046 377 1088 non
397 1035 483 1089 serta
499 1019 591 1105 l0c0;
611 1020 826 1113 dextramque
843 1018 976 1111 reliquit

66 1143 230 1235 Thyrsus,
250 1156 283 1209 et
302 1143 432 1209 intactae
450 1137 638 1207 ceciderunt
658 1141 814 1207 cornibus
829 1164 909 1207 uvae.

56 1257 157 1356 'Ergo
175 1277 211 1330 ut
229 1276 302 1329 erat
316 1259 470 1352 lacrymis
488 1257 646 1350 lapsoque
665 1259 848 1327 inhonorus
867 1260 1007 1344 amictu,

66 1387 152 1453 Ante
170 1386 286 1451 iovem
302 1380 350 1475 (et
366 1394 445 1447 tunc
465 1378 549 1447 forte
564 1378 677 1472 polum
696 1394 840 1448 secretus
859 1376 1018 1471 habebat)

66 1504 240 1588 Constitit,
257 1499 347 1569 haud
367 1524 513 1593 unquam
532 1499 616 1569 facie
632 1516 828 1594 conspectus
848 1502 880 1567 in
900 1499 972 1579 illa;

66 1624 138 1693 Nec
157 1648 264 1690 causae
281 1620 406 1722 latuere
425 1636 570 1715 patrem,
589 1621 794 1716 supplexque
815 1620 984 1716 profatur:

116 1773 132 1806 α
144 1741 360 1811 Exscindisnc
380 1755 470 1827 tuas,
489 1744 613 1810 Divum
630 1756 721 1810 sator
736 1743 877 1835 optime,
892 1740 1044 1809 Thebas?

66 1865 162 1931 Saeva
182 1861 264 1928 adeo
284 1861 427 1951 conjux?
447 1886 507 1928 nec
526 1875 556 1928 te
576 1860 702 1929 telluris
721 1878 849 1946 amatae,

66 1982 275 2074 Deceptiquc
293 1978 371 2047 laris
390 1981 539 2065 miseret,
557 1981 773 2072 cinerumque
791 1980 960 2050 meorum?

66 2106 170 2185 Esto,
189 2099 267 2168 olim
286 2101 427 2167 invitum
440 2098 604 2191 jaculatus
619 2101 762 2169 nubibus
780 2103 907 2194 ignem,

68 2220 268 2291 Credimus:
287 2245 328 2287 en
349 2222 471 2288 iterum
490 2235 561 2288 atra
581 2220 682 2291 refers
701 2219 854 2289 incendia
873 2222 986 2305 terris,

68 2346 139 2414 Nec
154 2344 255 2434 Styge
267 2341 397 2432 jurata,
418 2364 478 2407 nec
494 2338 618 2433 pellicis
637 2356 707 2409 arte
725 2355 874 2434 rogatus.

69 2463 153 2551 Quis
173 2457 312 2528 modus?
329 2483 371 2525 an
392 2459 488 2526 nobis
507 2474 600 2552 pater
617 2461 786 2553 iratusque
801 2461 973 2554 bonusque

69 2580 206 2652 Fulmen
224 2578 343 2648 habes?
362 2578 419 2648 sed
438 2604 505 2646 non
525 2582 672 2649 Danaeia
693 2580 805 2648 limina
823 2581 913 2670 talis,

68 2702 345 2792 Parrhasiumque
361 2723 493 2785 nemus,
514 2698 713 2792 Ledaeasque
731 2700 793 2767 ibis
814 2699 975 2792 Amyclas.

68 2820 200 2891 Scilicet
216 2845 234 2888 e
250 2821 379 2888 cunctis
398 2844 460 2912 ego
479 2815 717 2911 neglectissima
735 2821 821 2885 natis

69 2939 267 3036 Progenies?
284 2965 345 3035 ego
363 2964 480 3033 nempe
500 2953 610 3007 tamen
630 2941 686 3031 qui
706 2938 802 3006 dulce
819 2938 935 3008 ferenti

70 3061 203 3131 Pondus
224 3086 336 3129 eram:
357 3063 409 3129 cui
429 3075 464 3128 tu
480 3059 636 3153 dignatus
652 3058 768 3128 limina
784 3061 859 3127 vitae

70 3185 338 3275 Praereptumque
358 3183 431 3266 iter,
450 3194 483 3248 et
500 3195 665 3247 maternos
683 3179 820 3248 reddere
835 3204 973 3247 menses.

71 3300 182 3386 Adde,
199 3300 290 3394 quod
307 3298 466 3384 imbellis,
484 3303 632 3392 rarisque
649 3302 791 3368 exercita
811 3302 927 3368 castris

70 3422 182 3490 Turba
198 3447 286 3490 meas
303 3423 404 3508 acics,
424 3445 497 3487 mea
517 3435 645 3489 tantum
661 3420 778 3515 proelia
793 3436 936 3506 norunt,
967 3436 969 3440 '

70 3543 209 3611 Nectere
224 3542 341 3610 fronde
358 3566 485 3627 comas,
503 3541 595 3609 etad
615 3543 773 3635 inspirata
791 3542 897 3610 rotari

70 3664 185 3746 Buxa,
203 3663 317 3729 timent
337 3662 466 3754 thyrsos
485 3676 680 3754 nuptarum,
701 3677 733 3729 et
752 3661 868 3755 proelia
888 3676 1042 3729 matrum.

72 3779 172 3849 Unde
192 3781 288 3847 tubas
302 3783 510 3875 Martemque
528 3781 617 3877 pati?
634 3785 715 3875 quin
734 3781 879 3850 fervidus
896 3806 970 3849 ecce

71 3900 207 3987 Quanta
228 3900 345 3993 parat?
363 3903 444 3994 quid
462 3906 488 3970 si
511 3903 564 3972 ille
582 3919 656 3972 tuos
677 3906 814 3974 Curetas
834 3904 868 3969 in
886 3926 977 3970 arma

72 4020 203 4089 Ducat?
222 4034 255 4088 et
274 4022 425 4090 innocuis
439 4023 555 4114 jubeat
570 4022 745 4092 decernere
761 4021 874 4116 peltis?
