2812 5258
299 457 339 512 ns
360 460 389 512 r.
411 461 440 513 ι.
461 458 585 513 srsrn
607 462 699 516 suv.
721 464 789 519 un.
811 464 860 518 ιν.
1033 464 1088 535 275

106 575 275 648 Sordr'doque
296 573 354 644 tofo
372 569 409 649 (v.
432 570 491 648 53).
511 573 641 630 Heinsius
658 576 871 648 probabiliter:
895 579 1002 634 tomiio.
1018 581 1090 636 Vide

66 668 182 722 Marsi..

106 759 158 813 His
169 753 326 831 pervasis.
342 755 380 829 59
392 753 457 833 sq).
477 779 489 805 α
503 756 565 812 Hoc
579 767 635 826 est,
649 756 679 813 Si
693 768 725 813 tu
739 759 842 830 velles,
862 761 1037 831 Domitiane,
1049 764 1091 820 hae

65 868 165 906 manus
177 848 257 904 facile
266 848 550 919 Isthmum,.parrum
561 848 618 920 jam
632 868 684 905 nec
696 850 789 925 magni
803 852 896 924 operis
909 854 1091 926 censendum,

65 941 264 1016 perfoderent,
283 958 335 994 nec
352 938 419 1011 ipsis
438 940 583 995 obstarent
596 943 725 1013 Lecheae‚
743 962 805 1016 quae
819 944 916 1000 ceteris
929 943 1091 1019 (Demetrio

65 1035 140 1110 regi,
158 1033 271 1102 Caesari,
284 1034 393 1090 Neroni
406 1034 461 1089 hoc
483 1033 666 1112 tentantibus)
681 1036 913 1110 inexpugnabiles
934 1039 1026 1108 fuere,
1044 1050 1093 1095 aut

66 1146 129 1202 quoe
152 1125 307 1182 maximum
329 1124 475 1200 negotium
500 1126 630 1181 iacerent.
646 1151 657 1176 ι
675 1129 784 1198 Grone,
804 1129 855 1201 qui
876 1130 957 1202 plura
979 1149 1008 1203 p.
1036 1131 1089 1185 261

65 1236 129 1293 sqq.
144 1219 187 1273 De
209 1236 279 1273 voce
293 1216 403 1273 Lecheo
411 1255 420 1283 ,
435 1235 490 1289 pro
502 1237 563 1290 quo
578 1217 668 1272 Graeci
687 1229 802 1294 Λέχαιον,
815 1221 937 1275 Romani
956 1221 1089 1288 lecheoe,

66 1308 141 1378 sire,
160 1319 193 1363 ut
213 1308 318 1365 Statius
337 1308 419 1377 alibi,
432 1309 595 1374 Lechoem,
610 1309 675 1365 vide
698 1310 809 1365 doctam
827 1320 887 1365 not.
906 1311 1021 1380 Marii,
1041 1312 1093 1367 ubi

66 1409 158 1455 tamen
172 1408 299 1472 tempora
314 1409 342 1455 et
355 1417 474 1473 poeseos
489 1418 591 1473 genera
601 1419 660 1456 non
672 1401 737 1457 satis
751 1401 905 1475 distinguit.
920 1402 1051 1458 Ceterum
1063 1401 1093 1458 in

66 1508 152 1566 marg.
176 1491 239 1548 cod.
258 1491 344 1548 Paris.
363 1511 371 1546 ι
393 1492 450 1546 nisi
463 1492 551 1546 devite
565 1477 704 1560 veramne,
728 1503 761 1547 ut
773 1492 855 1548 etiam
873 1493 938 1549 edd.
958 1493 1068 1567 aliquot
1083 1516 1092 1564 ;

66 1581 196 1657 intelligit
221 1584 316 1638 devius
341 1601 406 1637 aves
424 1580 485 1659 (ap.
508 1581 624 1651 Ovidi,
644 1582 673 1637 id
691 1593 732 1638 est
749 1585 822 1638 mela
842 1585 936 1640 omina
958 1585 1092 1654 serentes,

68 1673 101 1729 G.
116 1673 225 1728 Bacdet
237 1675 272 1728 de
285 1675 426 1728 Meren'ac
432 1712 443 1739 ,
460 1672 607 1728 Commeat.
627 1694 676 1729 sur
688 1677 728 1729 les
741 1662 869 1750 lipirtres
881 1676 1013 1742 d'Ovr'de,
1028 1684 1047 1730 t.
1062 1692 1093 1746 r,

66 1781 95 1836 p.
112 1762 166 1819 185
180 1783 222 1837 sq.

106 1849 333 1928 Hrp‘usjanua(v.
342 1871 378 1927 97
394 1848 457 1927 sq).
466 1852 624 1926 incipiebat
636 1855 682 1911 ria
695 1855 857 1912 Domitiana
871 1855 907 1912 ab
916 1874 985 1912 arcu
997 1855 1094 1911 trium-

66 1942 144 2016 phili
162 1943 331 2011 Domitiani3
345 1962 371 1998 v.
391 1945 509 1998 Minu.

105 2030 239 2110 imbri(v.
257 2033 332 2109 roo).
347 2037 369 2090 1.
383 2052 408 2090 e.
424 2052 513 2107 quum
525 2034 599 2107 pluit
613 2055 620 2090 s
636 2035 686 2091 sed
694 2046 779 2109 poeta
793 2037 905 2112 dignius
919 2057 927 2092 ε
941 2061 954 2087 α
963 2039 1095 2106 Quantus

67 2124 164 2180 nubila
178 2143 238 2198 quo
252 2134 371 2181 coronat
389 2126 463 2190 Iris,
478 2147 491 2174 s
505 2136 538 2180 ut
550 2125 677 2199 reposuit
686 2127 827 2200 probante
838 2128 938 2185 Markl
954 2127 1093 2185 Heinsius.

69 2217 140 2274 Cod.
154 2215 246 2271 nhed.
262 2218 318 2272 Iris
331 2215 417 2271 habet
430 2216 459 2271 in
473 2215 566 2272 litura.

106 2312 142 2366 V.
160 2328 223 2365 ιιι.
237 2309 321 2365 Hunc
341 2326 454 2364 versum
470 2307 501 2363 in
515 2309 594 2364 MSS.
612 2318 641 2365 et
661 2309 727 2367 edd.
742 2308 875 2367 omnibus
889 2319 1048 2386 sequuntur
1063 2308 1094 2365 bi

68 2400 127 2456 duo
141 2421 149 2456 z

206 2500 256 2565 Qui
268 2500 345 2567 primo
357 2500 463 2551 uberim
476 2501 572 2568 reliquit
584 2510 651 2563 ortu,

206 2586 286 2635 Primo
299 2599 396 2650 vespere
405 2586 500 2651 naviget
511 2585 648 2646 himinum,

69 2735 130 2790 quse
143 2735 210 2773 sane
223 2715 402 2789 superiorum
414 2715 471 2769 vim
480 2715 640 2792 refringunt
650 2731 745 2789 neque
757 2732 822 2770 cum
834 2731 888 2770 vss.
903 2712 957 2785 36,
972 2712 1008 2783 37
1021 2709 1095 2768 bene

68 2817 140 2863 stare
152 2817 272 2880 possunt
285 2826 293 2861 z
308 2823 396 2879 quare
409 2806 509 2862 Marll.
524 2825 573 2862 eos
590 2806 680 2877 ejecit.

107 2899 230 2954 &andes
242 2896 373 2972 belliger,
394 2896 539 2970 obviosque
552 2915 646 2950 currus
660 2894 697 2968 (r.
716 2893 790 2972 157).
807 2893 893 2964 Quod
907 2889 1024 2968 intelligi
1036 2910 1095 2948 non

70 2999 172 3062 potest.
187 2988 232 3044 Ed
245 2990 360 3057 venet,
374 2986 438 3041 cod.
457 2985 594 3059 nhedig,
608 2996 636 3040 et
649 2985 733 3041 Paris.
748 2986 777 3040 in
794 3003 881 3058 marg.
896 3003 904 3038 ε
917 3001 1076 3056 annuesque
1084 3001 1095 3048 ,·

71 3078 148 3134 unde
165 3079 324 3135 Gronovius
339 3078 446 3151 optime
460 3076 526 3132 lecit
539 3097 547 3132 ε
561 3078 727 3151 abnuesque.
741 3103 753 3127 ι
764 3077 836 3133 Nam
856 3086 884 3130 et
898 3076 967 3144 boe,
985 3072 1096 3147 inquit,

71 3167 219 3225 inlaudem
226 3171 355 3226 trahebat
363 3167 555 3238 Domitianus,
564 3166 715 3238 fastidisse,
729 3185 817 3242 quum
824 3175 919 3239 posset
923 3165 987 3238 jure
999 3162 1097 3219 trium-

71 3261 167 3335 phare.
182 3260 266 3318 Unde
283 3260 434 3332 Martialis,
448 3278 493 3330 rx,
515 3277 581 3329 ron,
595 3278 622 3314 v.
641 3278 676 3333 ¹9
694 3277 737 3334 sq.
757 3278 764 3313 ε

177 3411 244 3477 Seps
255 3420 372 3462 mustos
382 3428 466 3479 percus
477 3411 571 3462 duxisse
581 3411 715 3478 triumphos

209 3494 292 3543 Victor
301 3493 449 3560 hyperboreo
459 3513 547 3547 nomen
557 3495 588 3545 ab
599 3495 658 3544 orbe
669 3495 729 3545 tulit.
737 3516 751 3537 ιι

359 3582 362 3590 ’
916 3575 1033 3629 Miner..

112 3668 204 3723 Cissi.
218 3667 268 3722 IV.
287 3687 300 3714 ι
312 3664 366 3721 llic
379 3675 420 3723 est
436 3665 484 3726 ille
498 3667 642 3726 Victorius
654 3666 819 3738 Marcellus,
837 3665 884 3722 cui
901 3663 1096 3720 institutiones

74 3778 138 3816 suas
155 3756 291 3814 oratorias
309 3757 451 3830 inscripsit
469 3760 674 3831 Quintilianus,
692 3769 725 3815 ut
744 3760 817 3815 bene
831 3757 962 3814 observat
980 3757 1096 3812 Gron»
1210 3765 1214 3775 “

74 3853 190 3906 bisunu.
206 3849 286 3905 ldem
299 3849 427 3904 Latinam
443 3849 518 3905 riam
535 3852 712 3910 sternendam
725 3858 893 3923 susceperat
907 3846 982 3903 Vide
993 3865 1033 3902 rs.
1048 3845 1096 3902 so.

76 3941 258 4011 Horatianus,
279 3960 342 4016 qun
355 3939 423 3996 huic
442 3938 565 4013 epistole
578 3944 674 4001 insunt
692 3941 832 4018 plurimu,
849 3937 1019 3996 imitationes
1036 3953 1095 3992 nori

75 4049 149 4105 opus
160 4031 320 4108 singulatim
332 4029 472 4105 persequi.

874 4127 925 4198 18.
