2812 5258
90 414 170 468 (aa.)
422 406 610 461 suvaaun
630 406 737 460 unna
757 408 778 458 1.

40 600 44 607 ,
91 530 201 614 Lusit,
217 542 248 594 et
264 553 411 596 enormes
425 551 540 596 manus
557 542 605 595 est
620 542 753 621 experta
767 527 917 596 colossos.

91 649 180 713 Dum
194 669 295 738 vagor
310 657 456 737 aspectu,
471 646 622 737 visusque
635 670 693 738 per
707 647 816 713 omnia
834 645 933 732 duco,

91 761 262 831 Calcabam
279 787 337 830 nec
351 764 469 855 opinus
484 786 562 854 opes
580 789 587 830 :
606 787 682 831 nam
697 762 852 855 splendor
866 765 907 831 ab
921 763 989 832 alto

90 881 240 963 Defluus,
255 895 286 950 et
301 880 442 949 nitidum
459 880 634 949 relerentes
650 904 726 948 aera
740 894 827 949 testae

89 1001 312 1066 Monstravere
326 997 448 1084 solum;
465 1000 570 1066 varias
585 999 640 1065 ubi
657 1000 743 1091 picta
760 1023 818 1090 per
833 1013 917 1067 artes

89 1114 219 1183 Gaudet
233 1118 353 1184 humus
368 1141 520 1210 superare
535 1119 628 1185 novis
643 1132 771 1184 asarota
785 1117 906 1211 liguris.

88 1238 256 1326 Expavere
272 1234 398 1330 gradus.
417 1237 508 1324 Quid
525 1261 613 1304 nunc
628 1237 772 1329 ingentia
788 1237 900 1322 mirer,

73 1356 156 1421 ,Aut
173 1353 253 1444 quid
266 1356 394 1447 partitis
408 1354 561 1423 distantia
578 1367 660 1423 tecta
675 1353 849 1422 trichoris?

89 1471 178 1558 Quid
194 1486 245 1558 te,
260 1497 332 1564 quae
346 1472 461 1541 mediis
477 1488 602 1540 servata
620 1474 806 1566 penatibus,
821 1473 930 1559 arbor,

88 1592 185 1657 Tecta
200 1616 258 1683 per
273 1606 304 1659 et
320 1607 429 1684 postes
444 1591 583 1685 liquidas
598 1594 737 1685 emergis
753 1594 786 1659 in
803 1591 922 1659 auras?

88 1708 165 1795 Quo
180 1734 247 1777 non
263 1711 323 1781 sub
339 1711 474 1780 domino
490 1735 588 1780 saevas
602 1734 735 1804 passura
749 1709 926 1803 bipennes?

88 1829 128 1894 Et
144 1852 231 1894 nunc
248 1830 368 1920 ignarae
384 1829 492 1897 lorsan
507 1828 557 1896 vel
572 1828 696 1897 lubrica
711 1831 805 1915 Nais,

89 1941 150 2010 Vel
168 1968 234 2010 non
251 1945 406 2035 abruptos
423 1948 480 2013 tibi
495 1946 590 2014 debet
604 1947 804 2039 Hamadryas
820 1971 933 2015 annos.

90 2060 183 2149 Quid
197 2061 336 2127 referam
352 2059 493 2128 alternas
508 2065 636 2154 gemino
649 2089 749 2156 super
764 2089 881 2156 aggere
895 2064 1071 2156 nymphas,

92 2175 311 2270 albentesque
328 2177 434 2264 lacus,
451 2176 598 2270 altosque
613 2180 647 2245 in
662 2183 788 2272 gurgite
803 2179 929 2248 fontes?

89 2299 200 2388 Teque
215 2321 273 2390 per
289 2294 459 2387 obliquum
475 2297 606 2389 penitus
622 2322 694 2389 quae
709 2296 826 2365 laberis
841 2320 986 2381 amnem,

89 2414 227 2498 Marcia,
244 2429 275 2481 et
290 2414 405 2484 audaci
423 2415 616 2483 transcurris
631 2414 766 2481 flumina
781 2414 934 2506 plumbo?

89 2533 165 2600 Non
181 2530 287 2600 solum
302 2534 403 2600 loniis
418 2533 478 2600 sub
493 2532 645 2627 fluctibus
660 2530 763 2600 Elidis
777 2544 909 2600 amnem'

89 2649 201 2719 Dulcis
217 2651 257 2719 ad
274 2654 413 2720 AEtnreos
428 2650 559 2718 deducit
574 2652 686 2718 semita
703 2665 825 2743 portus.

89 2767 157 2836 lllis
173 2771 241 2862 ipse
257 2770 359 2837 antris
373 2770 520 2839 Anienus
535 2768 625 2836 sonte
639 2765 775 2847 relicto,

90 2887 194 2955 Nocte
209 2888 270 2954 sub
285 2910 402 2956 arcana
417 2885 549 2980 glaucos
563 2900 679 2955 exutus
693 2887 849 2966 amictus,

89 3008 160 3073 Huc
176 3003 254 3072 illuc
270 3004 375 3098 fragili
392 3005 569 3098 prosternit
584 3017 715 3095 pectora
731 3028 842 3072 musco
860 3029 867 3069 :

91 3129 157 3193 Aut
171 3126 286 3218 ingens
303 3126 336 3190 in
353 3138 466 3216 stagna
482 3123 584 3208 cadit,
600 3125 782 3216 vitreasque
797 3136 908 3190 natatu

91 3243 218 3312 Plaudit
234 3267 334 3335 aquas
351 3269 358 3309 :
377 3241 432 3311 illa
446 3241 579 3311 recubat
593 3243 760 3311 Tiburnus
776 3242 810 3307 in
826 3240 956 3321 umbra,

91 3358 161 3429 lllic
176 3360 336 3430 sulfureos
350 3363 442 3453 cupit
460 3357 579 3429 Albula
593 3384 740 3452 mergere
755 3360 870 3426 crines.

92 3482 165 3546 Haec
182 3479 316 3566 domus,
333 3480 468 3573 AEgeriae
482 3476 681 3545 nemoralem
696 3478 873 3570 abjungere
887 3475 1047 3560 Phoeben,

93 3599 133 3664 Et
147 3598 314 3689 Dryadum
328 3598 463 3668 viduare
479 3597 586 3665 choris
602 3594 743 3689 algentia
757 3595 858 3688 possit

91 3717 248 3808 Taygeta,
266 3730 297 3783 et
313 3717 400 3786 silvis
415 3739 574 3785 arcessere
589 3716 678 3782 Pana
692 3715 822 3806 Lycaeis.

91 3831 192 3919 Quod
208 3835 241 3899 ni
259 3832 378 3925 templa
392 3834 506 3903 darent
521 3832 600 3901 alias
615 3833 786 3924 Tirynthia
801 3845 919 3916 sortes,

92 3955 132 4019 Et
144 3952 351 4019 Praenestina
367 3965 514 4042 poterant
531 3954 672 4046 migrare
686 3977 821 4021 sorores.

940 4093 971 4134 a.
