2812 5258
311 405 351 463 68
619 404 830 460 mosmos
849 403 957 458 uum
977 404 1027 458 vl.
1238 412 1349 471 (mss.)

310 504 313 510 y
360 533 490 598 Interea
504 543 604 596 motu
621 531 793 598 Musarum
810 527 922 594 nobile
939 527 1088 595 mulcens

312 646 515 733 Concilium,
532 647 730 739 citharaeque
750 670 865 713 manus
883 649 1027 714 insertus
1044 649 1165 741 Apollo

312 768 464 835 Parnassi
481 791 610 835 summo
628 766 798 860 spectabat
813 766 856 832 ab
872 766 994 834 aethere
1007 781 1131 855 terras,

313 888 397 954 Orsa
415 888 523 953 Deum
539 887 639 979 (nam
655 910 741 978 saepe
757 888 888 968 lovem,
905 883 1163 979 Phlegramque,
1183 893 1299 983 suique

313 1006 437 1097 Anguis
454 1028 557 1098 opus,
575 1000 779 1096 fratrumque
798 1006 872 1097 pius
890 1019 1041 1072 cantarat
1060 1005 1226 1103 honoros)

311 1126 406 1191 Tunc
427 1125 551 1218 aperit,
568 1126 641 1215 quis
661 1122 783 1191 liilmen
802 1139 897 1215 agat,
918 1124 992 1215 quis
1011 1124 1120 1193 sidera
1137 1127 1236 1195 ducat

312 1243 472 1334 Spiritus,
490 1242 579 1310 unde
596 1245 696 1310 animi
716 1242 841 1328 lluviis,
863 1267 936 1334 quae
957 1241 1078 1336 pabula
1097 1250 1221 1331 ventis,

311 1361 389 1448 Quo
408 1359 498 1429 fonte
515 1363 712 1430 immensum
728 1355 817 1429 vitiat
835 1386 942 1447 mare,
959 1362 1032 1454 quie
1048 1365 1102 1432 via
1118 1364 1201 1433 soles

311 1480 514 1573 Praecipitet,
534 1493 664 1547 noctem
683 1503 756 1570 quae
774 1483 938 1571 porrigat,
951 1482 1069 1549 'imane
1090 1482 1200 1569 tellus,

310 1600 359 1663 An
378 1571 502 1681 meilis,
519 1611 552 1664 et
568 1619 682 1663 rursus
698 1595 822 1663 mundo
838 1597 1006 1663 succincta
1024 1597 1148 1667 latenti.

357 1718 446 1782 Finis
463 1728 552 1798 erat3
572 1712 683 1782 differt
702 1713 814 1781 avidas
831 1713 945 1783 audire
962 1739 1090 1784 sorores
1111 1743 1119 1782 :

308 1838 463 1926 Dumque
481 1831 596 1925 chelyn
616 1831 728 1919 lauro,
748 1838 940 1926 textumque
959 1833 1085 1903 illustre
1104 1859 1235 1905 coronae

308 1951 476 2048 Subligat‚
493 1966 527 2021 et
542 1953 633 2045 picto
650 1951 806 2046 discingit
821 1956 955 2046 pectora
973 1952 1093 2042 limbo,

307 2072 406 2139 Haud
423 2070 539 2165 procul
556 2069 752 2139 Herculeam
772 2074 918 2142 Nemeen
937 2072 1080 2143 clamore
1098 2075 1253 2143 reductus

307 2191 474 2282 Adspicit3
492 2205 592 2284 atque
609 2188 675 2260 illic
691 2193 807 2285 ingens
824 2195 1011 2261 certaminis
1030 2195 1132 2260 instar

307 2308 507 2402 Quadrijugi
527 2336 536 2378 :
557 2311 663 2379 noscit
682 2328 834 2397 cunctos,
853 2327 886 2378 et
903 2311 988 2379 forte
1006 2313 1193 2404 propinquo

308 2429 531 2498 Constiterant
544 2427 703 2500 Admetus
719 2445 752 2498 et
768 2431 988 2523 Amphiaraus
1004 2432 1037 2497 in
1055 2453 1144 2496 arvo.

306 2551 401 2618 Tunc
419 2548 755 2639 seeum,'nQuisnam
772 2551 833 2618 iste
849 2548 952 2638 duos,
971 2549 1126 2616 fidissima
1142 2548 1267 2618 Phoebo

308 2671 472 2759 Nomina,
490 2671 656 2740 commisit
671 2673 761 2739 Deus
779 2672 812 2738 in
830 2669 1020 2738 discrimina
1035 2668 1149 2763 reges?

309 2791 415 2860 Ambo
431 2792 494 2885 pii,
514 2792 648 2885 carique
665 2791 764 2859 ambo
784 2817 791 2858 :
812 2815 971 2884 nequeam
990 2792 1058 2883 ipse
1075 2791 1218 2882 priorem

148 2934 151 2940 ’
219 2968 221 2972 Α
309 2914 435 2980 Dicere.
458 2910 595 2980 Peliacis
615 2912 668 2981 hic
687 2935 790 3004 quum
811 2909 987 2978 famularer
1007 2911 1041 2977 in
1064 2912 1168 2997 arvis,

308 3033 362 3100 Sic
379 3032 468 3100 lovis
485 3033 639 3126 imperia,
658 3046 691 3100 et
709 3033 811 3126 nigrae
829 3027 963 3097 voluere
980 3054 1122 3116 sorores,

307 3149 418 3218 Thura
437 3150 536 3220 dabat
554 3151 694 3236 famulo,
715 3175 774 3219 nec
792 3174 843 3217 me
861 3151 982 3217 sentire
1000 3151 1162 3217 minorem

308 3274 434 3351 Ausus3
459 3270 498 3338 at
511 3270 565 3338 hic
586 3269 752 3363 tripodum
774 3292 902 3354 comes,
923 3291 955 3335 et
973 3270 1046 3361 pius
1064 3270 1144 3335 artis
1163 3267 1316 3335 alumnus

308 3388 467 3457 AEthereae
487 3415 494 3456 :
515 3392 624 3483 potior
642 3392 765 3459 meritis
783 3404 892 3457 tamen
912 3387 1056 3473 ille,'sed
1075 3367 1173 3481 liujus

306 3511 460 3576 Extrema
475 3508 544 3599 jam
562 3506 616 3575 fila
633 3508 706 3576 colo
726 3534 733 3576 :
752 3509 851 3578 datur
867 3509 950 3577 ordo
966 3523 1101 3576 senectae

306 3627 466 3715 Admeto,
484 3652 658 3721 serumque
676 3631 760 3698 mori
780 3656 787 3698 ε
809 3630 870 3699 tibi
887 3627 978 3698 nulla
996 3644 1172 3721 supersunt

307 3746 457 3832 Gaudia;
471 3748 539 3839 jam
556 3748 675 3816 Thcbae
690 3735 803 3840 juxta}
821 3764 855 3816 et
872 3749 1043 3817 tenebrosa
1060 3773 1194 3842 vorago.

305 3867 374 3934 Scis
391 3867 505 3950 miser,
522 3844 555 3935 el
572 3883 691 3936 nostrae
709 3869 835 3962 pridem
854 3870 1001 3936 cecinere
1019 3867 1179 3936 volucres.
1195 3895 1211 3928 »

353 3987 461 4069 Dixit,
479 4000 510 4052 et
527 4011 563 4054 os
581 3987 658 4056 lletu
677 4013 767 4081 paene
787 3987 975 4058 inviolabile
993 3991 1113 4058 tinctus
1242 4004 1245 4007 '
