2812 5258
186 472 242 540 246
300 525 305 532 ,
485 467 691 525 ratramnus
712 468 824 522 LIBER
843 469 908 522 ΧΠ.
1097 469 1130 530 (v-
1147 471 1221 534 tas.)

184 602 322 692 Semper
341 598 437 691 inops
455 595 559 686 aequi,
574 593 644 685 jam
663 592 742 660 cede
759 619 767 658 :
785 592 848 659 lroc
868 605 974 683 nupta
993 605 1159 684 precatur,

183 723 256 788 Hoc
273 741 384 800 soror;
405 729 462 783 aut
481 737 581 782 saevos
602 710 718 780 mcdiae
738 711 908 780 veniemus
927 712 961 778 in
984 712 1120 803 ignes.»

232 839 297 906 Vir
312 861 370 924 ea,
389 859 492 928 quum
509 834 639 903 subitus
653 857 786 926 campos
805 845 940 918 tremor,
960 829 1092 925 altaque
1108 845 1195 899 tecta

160 1035 162 1040 ,
184 957 338 1052 Impulit,
355 955 549 1050 adjuvitque
565 956 637 1049 rogi
657 952 818 1022 discordis
836 953 964 1039 hiatus,

185 1083 228 1147 Et
247 1076 384 1172 vigilum
403 1076 538 1145 turbata
555 1077 665 1167 quies,
684 1074 803 1166 quibus
822 1075 891 1168 ipsa
908 1072 1071 1141 malorum

102 1173 106 1183 Ι
183 1198 344 1293 Fingebat
362 1194 539 1265 simulacra
555 1219 656 1289 sopor
675 1222 682 1263 :
700 1198 767 1263 ruit
785 1193 893 1281 ilicet,
912 1218 1042 1262 omnem

183 1322 399 1413 Prospectum
417 1316 562 1386 lustrans
582 1328 708 1384 armata
731 1315 886 1410 indagine
901 1313 1004 1383 miles.

183 1439 264 1508 lllos
286 1441 444 1508 instantes
461 1439 571 1507 senior
586 1439 681 1506 timet
697 1463 784 1506 unus
801 1452 860 1506 :at
877 1439 954 1530 ipsae

183 1568 270 1632 Ante
291 1585 427 1655 rogum,
446 1561 590 1651 saevique
606 1556 714 1651 palam
731 1560 892 1652 sprevisse
913 1560 1066 1629 Creontis

183 1683 343 1775 Imperia,
360 1695 394 1748 et
408 1678 537 1748 furtum
556 1677 646 1747 claro
666 1677 826 1774 plangore
845 1679 992 1748 fatentur

184 1804 334 1888 Secura,
349 1801 475 1894 quippe
493 1823 592 1868 omne
611 1799 725 1868 vident
742 1800 874 1869 [luxisse
891 1799 1041 1869 cadaver.

184 1923 376 2017 Ambigitur
395 1945 481 1990 sarva
498 1919 541 1989 de
558 1935 685 2008 morte,
700 1922 915 2015 animosaque
931 1920 987 1991 leti

185 2046 267 2137 Spes
288 2041 392 2112 furit:
412 2041 483 2111 haec
502 2041 614 2110 fratris
634 2043 802 2136 rapuisse,
819 2043 890 2111 haec
908 2044 1059 2138 conjugis
1075 2057 1168 2112 artus

184 2164 415 2251 Contendunt,
425 2163 618 2256 vicibusque
631 2163 775 2256 probant
785 2190 793 2232 :
805 2188 869 2259 ego
881 2189 1017 2258 corpus,
1032 2190 1094 2260 ego
1108 2165 1223 2257 ignes:

183 2285 241 2351 Me
256 2284 379 2375 pietas,
400 2307 453 2350 me
470 2281 566 2350 duxit
579 2307 696 2349 amor:
714 2283 893 2375 deposcere
912 2309 995 2353 saeva

184 2401 370 2495 Supplicia,
388 2416 422 2469 et
439 2400 569 2468 dextras
584 2400 681 2490 juvat
700 2399 860 2468 insertare
882 2404 1017 2470 catenis.

184 2525 357 2615 Nusquam
378 2518 435 2588 illa
453 2518 587 2588 alternis
605 2517 705 2587 modo
724 2543 799 2612 quae
816 2523 1003 2591 reverentia
1019 2522 1147 2607 verbis;

183 2646 292 2729 lram,
308 2641 488 2736 odiumque
504 2654 599 2734 putes
615 2667 624 2708 τ
643 2655 756 2710 tantus
773 2640 940 2711 discordat
956 2642 1126 2734 utrimque

184 2759 333 2834 Clamor!
351 2761 444 2831 etad
465 2787 596 2858 regem,
616 2765 674 2857 qui
691 2763 913 2859 deprendere,
934 2763 1123 2831 trahuntur.

233 2887 278 2953 At
298 2881 416 2978 procul
435 2885 552 2953 Actaeis
571 2883 687 2953 dextra
704 2886 772 2977 jam
793 2882 926 2952 Pallade
949 2887 1054 2953 muris

184 3008 271 3071 Juno
289 3005 479 3073 Phoroneas
496 3005 624 3074 inducit
643 3005 764 3098 proeria
782 3018 905 3073 matres

185 3125 371 3208 Attonitas,
393 3150 461 3192 non
483 3126 553 3217 ipsa
571 3126 698 3210 minus,
719 3137 906 3218 coctumque
928 3144 1111 3220 gementem

185 3242 351 3311 Conciliat
367 3242 517 3337 populis,
536 3259 569 3312 et
583 3243 737 3310 llentibus
757 3243 849 3314 addit
867 3245 1039 3316 honorem.

184 3363 259 3454 Ipsa
280 3388 380 3431 manu
402 3388 576 3457 ramosque
590 3362 690 3451 oleae,
710 3365 876 3459 vittasque
895 3384 1066 3461 precantes

185 3479 321 3568 Tradit,
338 3497 371 3550 et
388 3483 523 3550 obtenta
541 3482 737 3553 submittere
756 3485 881 3555 lumina
900 3487 1007 3581 palla,

185 3602 229 3667 Et
248 3598 402 3691 praeferre
423 3600 518 3668 docet
538 3626 659 3671 vacuas
679 3605 750 3674 sinc
768 3608 920 3676 manibus
939 3634 1049 3678 urnas.

187 3718 306 3786 Omnis
323 3732 356 3786 et
375 3720 492 3787 Actaeis
510 3719 613 3789 effusa
633 3725 808 3816 penatibus
826 3741 903 3795 aetas

185 3841 284 3906 Tecta
300 3838 434 3932 viasque
450 3838 601 3933 replent:
620 3844 708 3912 unde
725 3845 789 3914 hoc
807 3848 965 3916 examen?
981 3866 1014 3920 et
1032 3876 1097 3920 una

186 3963 251 4028 Tot
268 3960 417 4029 miscrae?
435 3987 495 4030 nec
514 3962 594 4032 dum
615 3988 730 4033 causas
751 3992 872 4037 novere
890 3969 1074 4057 malorum,

186 4083 324 4172 Jamque
343 4098 487 4176 gemunt.
508 4086 580 4152 Dea
599 4084 745 4156 conciliis
761 4113 796 4156 sc
815 4093 930 4159 miscet
950 4093 1098 4183 utrisque
