2812 5258
284 469 339 531 ut
577 452 827 510 lenissumus
848 453 958 508 unm
982 453 1004 507 1.
1204 454 1323 516 (ιω.)

331 587 404 651 Jnm
420 579 550 672 Pelopis
565 591 669 645 terras
688 577 896 670 Graiumque
911 577 1106 645 exhauserat
1124 576 1242 646 orbem

282 702 494 796 Praecipitans
512 699 545 765 in
564 711 709 765 transtra
728 697 816 764 viros
833 698 967 765 insonus
986 720 1156 788 equosque

283 818 481 912 Bellipotens
499 841 508 884 ε
528 815 657 884 fervent
673 830 808 911 portus,
826 830 858 883 et
874 830 990 908 operta
1008 816 1129 883 carinis

282 941 421 1032 Stagna,
440 959 582 1028 suusque
597 935 722 1003 hiemes
738 933 850 1004 classis
863 949 1033 1028 promota,
1054 958 1196 1028 suosque

280 1055 409 1128 Attullit
426 1055 545 1123 fluctus
564 1055 698 1147 :ipsum
714 1055 783 1146 jum
805 1053 971 1148 puppibus
988 1078 1100 1146 sequor

282 1174 421 1259 Deficit,
437 1189 470 1242 et
487 1188 575 1242 totos
592 1188 794 1242 consumunt
811 1173 947 1242 carbasa
964 1188 1089 1242 ventos.

330 1296 442 1362 Prima
460 1306 546 1360 rates
562 1296 696 1362 Danaas
711 1295 866 1361 Hecateia
884 1308 1061 1388 congregat
1082 1291 1194 1376 Aulis,

282 1414 435 1506 Rupibus
454 1414 631 1507 expositis,
649 1411 808 1506 longique
823 1411 992 1506 crepidine
1010 1413 1099 1481 dorsi

281 1533 468 1601 Euboicum
487 1531 646 1601 scandens
661 1529 755 1601 Aulis
771 1555 880 1618 mare,
899 1530 997 1600 litora
1014 1530 1157 1602 multum

281 1653 482 1745 Montivuge
498 1649 619 1721 dilecte
635 1650 703 1720 dee
720 1652 901 1745 :juxtaque
917 1651 1111 1745 Caphereus

282 1775 454 1841 Latratum
472 1770 591 1866 pelago
607 1769 725 1840 tollens
742 1786 843 1866 cupiit
860 1796 870 1839 :
890 1769 946 1839 ille
962 1769 1113 1866 Pelasgus

281 1894 329 1962 Ut
346 1890 429 1959 vidit
444 1905 619 1960 transnare
635 1905 739 1977 rums,
758 1904 810 1959 ter
826 1903 956 1978 monte,
977 1905 1027 1959 ter
1042 1891 1140 1960 undis

279 2011 448 2096 intonuit,
465 2035 621 2104 saevseqne
640 2009 731 2079 dedit
750 1998 908 2104 prm'sagis
928 2012 1042 2080 noctis.

281 2132 394 2199 Coetus
413 2129 459 2199 ibi
477 2154 648 2198 armorum
663 2129 772 2222 Trojae
788 2129 895 2201 futilis
916 2156 924 2198 τ
943 2131 989 2200 ibi
1008 2131 1122 2226 iugens

280 2252 417 2318 iuratur
436 2247 580 2334 bellum,
596 2247 702 2317 donec
719 2247 768 2316 sol
784 2272 917 2319 annuus
933 2274 1048 2320 omnes

281 2367 464 2438 (coficeret
480 2381 607 2434 metus:
624 2379 693 2432 tum
711 2366 855 2457 primum
872 2371 1000 2436 Groecis
1017 2371 1104 2436 vires

282 2482 510 2576 Contempletn
530 2507 605 2551 suas
625 2506 634 2549 t
654 2495 735 2552 tunc
752 2507 865 2578 spensa
886 2508 925 2552 ec
942 2483 1073 2554 dissona
1092 2484 1193 2553 moles

281 2608 319 2672 In
339 2627 459 2695 corpus
474 2599 669 2696 vultumque
690 2604 777 2690 coit,
792 2618 827 2673 et
844 2626 923 2700 rege
938 2605 998 2674 sub
1016 2628 1084 2674 uno

280 2722 449 2814 Dispositu
464 2735 536 2792 est:
556 2722 604 2791 sic
618 2747 721 2792 curva
735 2723 821 2794 ferus
837 2724 958 2819 indigo
975 2723 1110 2792 latentes

280 2840 431 2928 Claudit,
449 2857 481 2911 et
498 2840 638 2913 admotis
658 2843 830 2938 paullatim
846 2844 990 2912 cassibus
1006 2857 1123 2912 arctat.

280 2958 349 3028 lllae
368 2962 494 3054 ignem,
513 2964 726 3058 sonitumque
743 2976 878 3058 pavent,
898 2960 1084 3057 diffusaque
1102 2962 1260 3056 linquunt

281 3081 381 3167 Avia,
395 3081 625 3177 mirenturque
641 3104 737 3153 suum
757 3083 944 3151 decrescere
962 3098 1126 3168 montem,

281 3203 396 3270 Donec
413 3204 448 3271 in
467 3219 639 3297 angustum
653 3202 841 3271 ceciderunt
856 3201 1004 3295 undique
1023 3203 1158 3288 vallem,

280 3323 384 3413 Inque
405 3323 509 3390 vicem
530 3337 686 3414 stupuere
702 3345 830 3414 greges,
847 3325 1001 3416 socioque
1018 3326 1134 3391 timore

280 3441 517 3508 Mansuescunt
537 3465 545 3506 ι
562 3437 659 3508 simul
678 3439 785 3508 hirtus
801 3466 891 3535 uper,
912 3442 1010 3511 simul
1032 3466 1127 3522 ursa,
1148 3440 1314 3536 lupusque

281 3559 433 3650 Cogitur,
448 3574 482 3625 et
496 3575 609 3652 captos
625 3563 808 3629 contemnit
824 3586 921 3630 cerva
937 3561 1056 3632 leones.

327 3675 391 3744 Sed
409 3699 598 3768 quanquam
617 3681 739 3771 gemini
757 3683 879 3774 parites·
897 3706 956 3751 sua
970 3681 1056 3751 bella
1071 3696 1244 3776 capessunt

279 3795 420 3882 Atridae,
440 3795 627 3890 fumumque
644 3800 732 3867 nvidi
747 3803 870 3870 virtute
886 3817 1055 3896 paternum

279 3913 419 4009 Tydides
436 3914 676 4011 Sthenelusque
693 3937 865 4013 premunt,
883 3947 943 3991 nec
957 3924 1078 4018 cogitet
1097 3949 1200 3992 annos

281 4034 496 4124 Antilochus,
512 4051 703 4130 septemque
722 4039 806 4130 Ajnx
822 4041 968 4110 umbone
984 4059 1135 4111 coruscet
