2812 5258
314 439 353 494 m
375 440 404 492 r.
425 439 453 491 r.
475 418 600 493 s‘rs‘rtl
620 439 711 492 stur.
728 438 795 492 Lm.
818 439 839 491 1.
1031 448 1087 515 ²49

103 557 179 610 Lim
198 565 339 626 utrumque
361 551 439 605 domi
458 547 497 625 (v.
518 546 575 624 ι4).
599 550 686 619 Quod
699 551 785 625 vulgo
803 550 833 604 in
853 552 986 607 alterutro
1006 554 1089 611 litore

63 646 228 712 habitatur-3
250 643 299 699 sed
315 642 406 696 Anien
425 641 545 696 mediam
567 642 728 713 permeabat
748 641 840 695 villam
862 643 985 715 Vopisci.
1004 645 1088 701 Unde

65 737 147 792 etiam
161 734 306 809 sequentia
318 731 506 807 intelligenda.

102 829 215 882 Juncws
232 825 382 898 delphicus
404 822 510 896 ephebo
531 821 567 897 (v.
590 820 654 898 28).
673 824 716 878 De
730 822 861 895 delphine
882 834 910 879 et
926 843 1017 898 puero
1028 828 1086 895 Ila-

62 919 129 989 jano
142 937 168 972 r.
186 917 329 972 historiam
342 934 387 990 ap.
402 915 472 970 Plin.
486 916 521 968 H.
536 915 571 969 Ν.
579 953 590 981 ,
605 932 649 984 ιι,
664 913 695 983 8,
714 913 748 984 83
766 917 828 970 coll.
848 915 917 970 Plio.
932 919 1025 991 Epist.
1039 936 1087 989 ix,

65 1009 114 1078 33;
128 1009 212 1077 Geli,
224 1028 283 1077 ιιι,
298 1008 331 1078 8;
345 1017 374 1063 et
387 1006 501 1075 AElian.,
515 1007 551 1061 Ν.
566 1009 618 1072 A„
634 1025 677 1076 ιι,
694 1005 742 1076 15,
756 1007 956 1080 quisimiliaex
968 1008 1027 1064 aliis
1040 1027 1087 1065 rc·

63 1099 193 1175 giouibus
204 1111 327 1156 narrant.
345 1101 467 1156 Wrena.

100 1206 229 1261 lucentes
250 1203 286 1280 (v.
303 1202 359 1279 4ο).
374 1203 419 1257 Sic
433 1201 532 1256 Marltl.
549 1220 564 1256 e
578 1201 755 1273 conjectura,
771 1221 856 1276 quarn
868 1205 928 1277 ipse
941 1203 1037 1276 rejecit
1050 1205 1100 1270 acl,

63 1297 187 1365 Lucret,
202 1315 252 1364 ιιι,
266 1294 331 1367 952.
346 1295 412 1349 Non
429 1293 502 1347 enim
521 1294 661 1368 tangenda
674 1304 732 1348 erat
744 1296 857 1370 vulgata
875 1294 1025 1351 codicum:
1039 1307 1086 1350 ta-

61 1398 160 1442 centes.
175 1387 221 1442 Ad
234 1386 362 1442 eumdem
376 1387 487 1439 Lucret.
502 1386 595 1439 locum
609 1404 667 1459 seq.
682 1406 708 1440 v.
724 1385 912 1443 Wakefieldus
925 1400 983 1443 tuta
999 1389 1084 1463 quies.

62 1480 126 1533 Post
140 1479 175 1534 de
188 1499 212 1532 v.
231 1488 266 1547 44
281 1479 345 1535 vide
360 1478 396 1533 ad
411 1497 452 1547 11,
466 1495 497 1546 a,
516 1496 559 1547 17.

99 1589 221 1639 Asamta
233 1581 271 1660 (v.
288 1581 348 1659 56).
360 1585 402 1638 De
416 1583 460 1637 his
472 1581 654 1654 pavimentis,
668 1606 679 1631 s
693 1583 787 1655 lapide
799 1583 924 1656 pretioso
938 1585 1027 1640 caesim
1040 1585 1085 1640 di-

59 1675 169 1730 minuto
183 1676 212 1728 in
225 1674 301 1729 varia
313 1675 430 1746 picturae
443 1691 545 1748 genera
561 1672 771 1744 discriminatis,
786 1699 798 1724 ι
819 1684 849 1729 nt
862 1674 974 1747 Apuleii
993 1675 1085 1731 verbis

59 1777 138 1836 utor,
152 1767 216 1821 vide
230 1766 266 1821 ad
279 1769 373 1833 enm,
387 1766 460 1819 Hist.
480 1765 563 1829 Nat,
579 1784 683 1835 xxxvi,
698 1766 743 1823 25.
759 1766 793 1821 ld
807 1767 923 1821 luxuriae
936 1786 1024 1842 genus
1041 1768 1084 1822 vel

59 1857 89 1910 in
101 1859 229 1911 ultimum
243 1857 467 1929 Septentrionem
480 1855 516 1910 ab
530 1857 662 1913 Romanis
675 1859 814 1929 perlatum
829 1877 835 1911 :
848 1877 914 1913 nam
933 1858 1085 1915 Blenbemii

60 1949 89 2001 iu
104 1947 289 2013 Ossorrlshire
301 1947 444 2018 superiore
458 1947 558 2000 saeculo
573 1947 710 2017 ejusmodi
724 1968 796 2021 opus
810 1950 950 2004 detectum
963 1962 1011 2006 est.

103 2039 240 2093 Trichonis
259 2036 297 2114 (v.
318 2035 378 2114 58).
399 2040 552 2092 ‘rectorum
572 2037 686 2112 fastigiis
711 2040 785 2093 trina
804 2041 1021 2115 contignatione.
1042 2043 1085 2096 De

59 2131 101 2185 bis
114 2132 195 2202 plura
209 2130 265 2184 vid.
280 2148 324 2203 ap.
339 2130 457 2184 Sintiis:
471 2129 513 2181 ad
525 2129 724 2202 Spanianum,
739 2149 767 2202 p.
782 2130 847 2201 677.
857 2162 888 2172 -
910 2132 1085 2207 Insequenti-

58 2222 112 2275 bus
126 2239 208 2274 verss.
223 2232 307 2293 pocta
321 2219 445 2274 imitatur
462 2219 576 2292 Virgil.,
592 2220 718 2287 AErreid.,
735 2239 789 2289 ιιι,
805 2222 841 2293 59
853 2240 896 2296 sq.

100 2322 246 2395 Nynprkas
265 2323 301 2397 (v.
317 2321 374 2395 64).
389 2322 467 2377 MSS.
484 2340 601 2377 omnes:
618 2341 747 2390 mensas,
762 2325 791 2378 iu
805 2324 932 2379 convivia
946 2326 982 2381 ad
994 2327 1084 2400 ripam

57 2424 211 2469 exstructas
226 2435 232 2468 :
248 2414 328 2488 quod
341 2433 399 2468 nou
413 2423 473 2467 erat
487 2431 538 2467 cur
551 2424 713 2468 mutaretur.

96 2521 207 2574 Μακία
229 2519 266 2596 (v.
281 2517 338 2595 67).
360 2523 443 2592 Aqua
461 2535 512 2589 per
531 2519 665 2573 Anienem
686 2520 823 2591 plumbeis
838 2522 981 2577 canalibus
999 2521 1083 2578 ducta

58 2623 123 2666 crat.

97 2718 261 2771 Dulichiis...
276 2718 349 2791 lupis
367 2715 404 2792 (v.
420 2714 481 2793 86).
496 2718 595 2772 Dicere
616 2717 708 2770 noluit
716 2719 812 2790 porcis
820 2757 830 2782 ,
851 2718 966 2790 inques
984 2717 1084 2772 mutati

59 2818 136 2861 crant
150 2809 217 2863 socii
238 2809 351 2882 Ulyssis.
368 2808 453 2864 Circae
467 2809 549 2863 etiam
562 2808 622 2879 lupi
636 2827 669 2862 ex
684 2807 844 2862 homiuibus
864 2807 964 2862 mutati
976 2807 1083 2863 servie-

58 2896 140 2965 bant,
155 2909 187 2952 ut
204 2899 289 2954 estin
305 2901 425 2971 Odyss,
441 2918 473 2970 x,
488 2918 553 2954 nra.

99 3000 272 3056 Meditantur
279 3004 412 3076 pondera
427 3021 517 3057 mores
536 3002 574 3078 (ι.
589 3001 645 3079 90).
667 3005 776 3069 Mores,
797 3000 890 3074 quiin
909 3003 977 3057 locis
998 3003 1082 3058 volu-

58 3088 168 3160 ptariis,
190 3111 263 3164 quos
275 3094 362 3149 modo
380 3095 538 3149 contulerat
560 3113 622 3148 cum
643 3092 758 3165 Vopisci
771 3093 851 3162 villa,
872 3103 944 3160 sunt
954 3093 1083 3150 levissimi

59 3198 91 3234 ac
111 3181 178 3234 luxu
198 3182 368 3255 diffluentes,
389 3185 419 3239 in
437 3186 489 3240 hac
509 3185 574 3239 sede
594 3185 756 3259 gravitatem
776 3186 944 3239 nieditantor
958 3196 985 3240 et
1006 3203 1083 3242 assu-

59 3282 148 3324 munt.
163 3274 235 3328 Vide
248 3277 374 3346 proxime
388 3296 465 3352 seqq.
487 3336 490 3342 ,

99 3377 236 3430 Liventem
249 3381 363 3434 satiram
377 3383 457 3456 nigra
471 3382 596 3456 rubigine
609 3381 701 3435 turbes
716 3378 753 3456 (v.
773 3378 846 3456 103).
861 3383 950 3435 Docte
964 3381 1018 3436 boc
1032 3399 1083 3437 ex-

58 3468 145 3540 plicat
159 3470 300 3537 Gronov.,
321 3472 430 3538 Dicte,
445 3492 468 3528 c.
483 3493 532 3543 xi,
551 3492 580 3546 p.
599 3472 636 3538 64
651 3491 727 3546 sqq„
749 3472 811 3527 coll.
825 3490 853 3544 p.
871 3473 924 3542 3²7
939 3490 980 3545 sq.
995 3491 1002 3526 :
1018 3483 1082 3527 tur-

58 3558 155 3613 bando
169 3570 197 3613 et
216 3558 359 3614 miscendo
372 3563 447 3617 varia
461 3565 627 3621 conscribas.
642 3565 717 3619 Nota
730 3574 770 3619 est
783 3564 840 3618 haec
854 3556 975 3636 autiquae
993 3563 1083 3619 satirae

58 3669 179 3705 romanae
199 3650 329 3720 indoles,
350 3670 434 3724 quam
451 3657 544 3727 potuit
563 3657 644 3713 Statii
666 3656 806 3712 affectatio
827 3655 998 3728 conjungere
1018 3673 1082 3711 cum

58 3741 212 3797 recentiore
226 3741 375 3796 mordendi
389 3742 485 3800 forma.
499 3749 597 3804 Markl.
613 3748 735 3809 correxit
742 3757 790 3802 aut
799 3759 893 3818 turpes
901 3764 964 3800 cum
972 3747 1083 3802 Gerar·

58 3833 115 3900 tio,
125 3844 172 3886 aut
180 3835 273 3905 tmgas
286 3853 296 3885 .·
306 3851 429 3906 quorum
436 3835 514 3906 prius
526 3841 630 3913 recepit
638 3839 778 3907 Handius,
792 3837 933 3910 explicans
942 3859 953 3885 t
961 3837 1082 3893 maculas

58 3924 323 4001 induceremini,
334 3926 471 3983 decolore
486 3929 562 3985 fusco
575 3934 659 3988 rebus
673 3931 800 3987 candidis
813 3929 941 3986 addito.»
954 3929 1011 3984 Sed
1022 3948 1081 3984 uon

57 4015 121 4070 satis
143 4016 291 4073 attendisse
310 4037 405 4074 omncs
422 4018 553 4077 videntur
571 4023 608 4077 ad
629 4024 781 4080 verborum
795 4022 898 4097 anigro
919 4019 1048 4095 rubigine
1066 4043 1081 4070 ¹
