2812 5258
233 398 290 455 ast
529 397 782 453 ncurtnuluos
802 396 917 452 mauu
938 397 961 450 1.
1143 396 1154 456 l
1157 410 1258 447 ······
1258 400 1270 460 l

236 525 406 609 Proxima,
425 520 482 590 sed
500 521 616 591 studiis
634 521 776 590 multum
794 521 974 601 Mavortia,
988 519 1116 586 Thrace
1136 544 1145 586 ε

236 645 302 711 Nec
318 644 484 710 Macetum
500 666 580 735 gens
599 641 682 709 dura
699 639 823 735 placet,
841 638 1044 730 laudumque
1064 638 1176 706 daturi

235 760 428 855 Cecropidae
444 759 593 829 stimulos
613 786 621 829 :
640 762 778 837 nimium
797 773 987 854 opportuna
1004 759 1124 826 carinis

233 883 363 966 Sestos,
383 878 599 973 Abydenique
613 879 704 949 sinus
720 905 729 948 ι
747 877 855 974 plaoet
872 879 919 946 ire
939 902 999 972 per
1013 874 1097 946 altas

231 999 390 1091 Cycladas
411 1027 418 1068 :
439 1000 517 1069 hinc
536 1013 653 1092 spretae
669 1000 851 1091 Myconos,
867 995 1067 1090 humilisque
1084 996 1267 1092 Seriphos,

232 1123 275 1187 Et
288 1123 430 1188 Lemnos
448 1145 516 1189 non
533 1143 627 1214 arque
647 1120 744 1202 viris,
757 1133 857 1211 atque
872 1118 1003 1211 hospita
1020 1113 1121 1184 Delos

233 1239 408 1308 Gentibus.
426 1237 557 1308 lmbelli
577 1263 683 1332 nuper
697 1236 892 1332 Lycomedis
907 1238 941 1305 in
957 1234 1033 1305 aula

231 1359 407 1452 Virgineus
424 1375 547 1446 coetus,
569 1373 603 1427 et
619 1357 716 1427 litora
731 1382 871 1451 persona
886 1355 966 1426 ludo

231 1477 407 1563 Audierat,
427 1478 528 1547 duros
544 1476 708 1545 laxantem
724 1481 880 1571 AEgaeona
901 1501 1004 1546 nexus
1021 1496 1028 1507 ·

228 1599 332 1666 Missa
348 1601 458 1692 sequi,
475 1584 673 1691 centumque
694 1601 757 1667 Dei
778 1622 953 1667 numerare
968 1612 1110 1667 catenas.

230 1722 307 1787 Haec
324 1716 448 1811 placet,
467 1718 537 1787 haec
554 1718 680 1788 timide
697 1715 796 1788 tellus
815 1719 979 1788 tutissima
997 1720 1105 1788 matri.

277 1836 397 1925 Qualis
417 1840 526 1908 vicino
546 1836 688 1907 volucris
701 1839 771 1932 jam
791 1836 906 1906 sedula
923 1852 1037 1933 partu,

228 1961 366 2052 Jamque
379 1960 517 2045 timens,
531 1983 598 2053 qua
614 1957 731 2028 fronde
744 1958 880 2029 domum
892 1956 1071 2052 suspendat
1084 1959 1240 2044 inanem,

229 2078 384 2149 Providet
399 2078 477 2149 hinc
496 2094 627 2164 ventos,
646 2081 724 2148 hinc
738 2080 838 2148 anxia
854 2080 977 2174 cogitat
996 2100 1137 2172 angues,

231 2201 318 2268 Hinc
336 2199 484 2270 homines
504 2226 512 2269 ε
530 2200 664 2270 tandem
680 2200 789 2270 dubias
800 2199 908 2294 planet
920 2198 1057 2285 umbra,
1073 2198 1239 2292 unusque

229 2320 291 2384 Vix
308 2321 399 2386 stetit
416 2321 449 2386 in
466 2322 585 2404 ramis,
602 2334 635 2386 et
648 2321 801 2411 protinus
818 2320 920 2386 arhor
937 2333 1077 2387 amatur.

275 2434 388 2505 Altera
407 2435 544 2504 comilio
560 2451 723 2529 superest,
742 2439 935 2528 tristemque
954 2437 1070 2528 fatigat

229 2558 317 2623 Cura
335 2552 444 2642 deam,
462 2569 577 2623 natum
596 2556 666 2648 ipsa
680 2555 755 2623 sinu
773 2551 942 2647 complexa
963 2577 1024 2647 per
1041 2552 1164 2642 undas,

229 2681 279 2745 An
301 2700 422 2769 magno
436 2677 573 2745 Tritone
590 2675 693 2762 ferat,
714 2691 895 2768 ventosque
912 2671 1064 2743 volucres

229 2796 396 2881 Advocet,
415 2821 457 2866 an
475 2795 591 2891 pelago
608 2795 740 2867 solitam
755 2792 996 2866 Thaumantida
1013 2798 1111 2887 pasci.

231 2914 325 2984 Elicit
345 2915 422 2983 inde
441 2915 551 3001 fretis,
569 2931 603 2984 et
619 2918 742 2987 murice
760 2915 868 2982 frenat
886 2927 984 2982 acuto

229 3032 412 3128 Delphines
432 3035 574 3128 bijuges,
593 3060 675 3128 quos
692 3032 739 3104 illi
758 3034 899 3101 maxima
917 3034 1039 3128 Tethys

229 3156 371 3247 Gurgite
390 3153 541 3225 Atlanteo
560 3153 667 3249 pelagi
687 3154 748 3221 suh
768 3151 851 3222 valle
871 3179 991 3223 sonora

229 3276 425 3343 Nutrierat:
449 3273 548 3344 nullis
567 3275 649 3343 vada
668 3298 725 3366 per
741 3275 909 3367 Neptunia
926 3273 1051 3368 glaucae

227 3396 353 3460 Tantus
370 3393 626 3476 honor‘lormre,
644 3392 812 3486 nandique
827 3396 993 3487 potentia;
1012 3418 1072 3462 nec
1092 3390 1168 3487 plus

230 3513 376 3580 Pectoris
393 3513 529 3583 humani
549 3538 557 3580 ε
574 3512 671 3605 jubet
689 3513 749 3581 hos
767 3514 944 3583 subsistere
964 3514 1062 3608 pleno

230 3631 359 3714 Litore,
377 3654 419 3698 ne
437 3629 533 3698 nudre
551 3645 691 3700 noceant
707 3635 857 3726 contagia
878 3647 983 3702 terrie.

231 3751 306 3842 lpsa
321 3747 439 3816 dehinc
458 3762 528 3816 toto
547 3748 728 3820 resolutum
743 3766 875 3845 pectore
892 3750 1071 3836 Achillem,

229 3867 295 3954 Qui
316 3868 423 3959 pueris
441 3892 551 3962 sopor,
568 3872 730 3939 Haemonii
751 3870 792 3940 de
806 3873 943 3964 rupibus
963 3874 1049 3939 antri

229 3985 279 4056 Ad
299 3984 442 4081 placidas
463 3987 613 4082 deportat
634 4015 749 4083 aquas,
769 4006 802 4059 et
818 3992 908 4083 jussa
926 4006 1033 4060 tacere
