2812 5258
86 439 200 503 (ωδ.)
371 430 581 487 THEBAIDOS
604 427 712 482 LIBER
735 429 803 482 ΧΠ.
1056 425 1112 481 235

89 570 219 635 Nomen
236 563 268 627 in
290 582 346 625 ore
363 556 465 624 sedet.
486 557 622 639 Dircen,
640 554 847 645 infaustaque
865 552 981 621 Cadmi

88 685 230 767 Moenis,
245 677 439 773 posthabitis
454 674 533 742 velit
549 672 723 742 incoluisse
739 675 896 765 Mycenis.

135 802 290 872 Proxima
308 801 444 866 Iernaeo
463 792 681 887 Calydonidas
696 793 826 886 agmine
841 793 959 859 mixtas

88 921 215 1016 Tydeos
230 917 400 1008 exsequias
419 914 521 983 trahit
539 911 627 982 haud
642 936 772 980 cessura
788 914 894 980 sorori

90 1038 226 1132 Deipyle
241 1062 251 1123 3
272 1034 376 1104 scelus
391 1032 447 1102 illa
464 1031 616 1125 quidem,
636 1055 829 1124 morsusque
849 1030 1004 1124 profanos

90 1159 244 1231 Audierat
262 1153 445 1224 miseranda
463 1153 525 1220 viri
546 1178 554 1218 :
576 1149 632 1219 sed
647 1166 762 1219 cuncta
778 1153 901 1245 jacenti

88 1277 204 1347 Infelix
224 1275 363 1369 ignoscit
379 1295 472 1339 amor
491 1296 499 1338 τ
518 1284 593 1362 post
611 1294 726 1363 aspera
743 1272 832 1350 visu,

88 1407 135 1467 Ac
153 1392 304 1464 delleoda
324 1406 448 1472 tamen,
467 1389 569 1483 digno
588 1386 745 1483 plangore
762 1389 884 1459 Nealce

89 1511 358 1610 Hippomedonta
373 1512 462 1579 ciens
482 1535 490 1578 ε
509 1510 591 1577 ratis
610 1534 687 1578 mox
703 1511 803 1603 impis
819 1511 940 1603 conjux

81 1602 164 1705 xHeu
176 1657 296 1701 vacuos
314 1632 462 1724 positura
477 1654 575 1724 rogos
594 1655 601 1696 ε
622 1645 789 1724 postrema
809 1645 997 1723 gementum

90 1755 229 1849 Agmina
250 1749 410 1820 Maenaliae
423 1750 517 1818 ducit
532 1773 641 1817 comes
654 1750 735 1817 orba
752 1750 886 1837 Dianae,

91 1880 133 1944 Et
150 1874 257 1967 gravis
272 1870 407 1941 Evndne
426 1895 434 1935 ε
453 1867 544 1937 dolet
563 1869 652 1950 haec,
672 1870 886 1961 queriturque
905 1866 1033 1938 labores

89 1992 232 2063 Audacis
249 1991 366 2084 pueri:
388 1989 498 2080 magni
518 2011 644 2055 mernor
662 1984 717 2053 illa
736 1988 846 2054 mariti

91 2116 122 2181 It
141 2127 273 2178 torvum
291 2106 491 2199 lacrymans,
508 2107 708 2197 summisque
726 2106 878 2175 irascitur
895 2109 1001 2175 astris.

91 2229 168 2298 Illas
184 2243 217 2297 et
234 2226 315 2295 lucis
332 2229 455 2294 Hecate
475 2221 640 2318 speculata
656 2227 779 2319 Lycaeis

91 2349 307 2440 Prosequitur
326 2347 470 2440 gemitu,
490 2343 676 2438 duplexque
691 2347 733 2414 ad
748 2346 825 2416 litus
842 2363 957 2417 euntes

92 2468 223 2536 Planxit
243 2466 284 2535 ab
299 2465 475 2533 Isthmiaco
493 2466 632 2558 genitrix
646 2467 804 2536 Thebana
823 2468 972 2563 sepulcro
992 2495 999 2536 :

93 2589 376 2680 Noctivagrunque
394 2610 544 2679 gregem,
565 2588 715 2676 quamvis
733 2587 794 2656 sibi
816 2587 922 2682 luget,
941 2588 1075 2659 Eleusin

92 2703 213 2792 Flevit,
231 2719 264 2773 et
275 2728 412 2774 arcanos
430 2704 615 2774 errantibus
631 2704 747 2774 extulit
765 2709 863 2800 ignes.

93 2829 166 2920 Ipsa
182 2851 240 2920 per
254 2850 383 2894 aversos
401 2824 494 2893 ducit
511 2825 667 2893 Saturnia
685 2824 803 2911 colles,

93 2944 313 3036 Occultatque
333 2945 418 3031 vias,
433 2967 474 3012 ne
490 2941 581 3038 plebs
599 2967 772 3037 congressa
789 2972 925 3017 suorum

93 3066 144 3132 Ire
159 3079 263 3149 vetet,
280 3078 455 3156 pereatque
470 3064 611 3157 ingentis
627 3061 731 3157 gloria
745 3067 856 3159 coepti.

93 3185 161 3251 Nec
177 3209 243 3251 nou
264 3182 379 3251 functa
396 3182 517 3251 ducum
536 3181 704 3251 refovendi
722 3208 861 3277 corpora
881 3211 994 3255 curam

93 3304 154 3370 Iris
171 3304 269 3371 habet
289 3329 296 3370 :
319 3316 496 3395 putresque
516 3305 642 3371 arcanis
659 3305 791 3373 roribus
806 3321 897 3374 artus

92 3421 337 3515 Ambrosiasque
352 3423 438 3516 rigat
452 3422 574 3508 succis,
594 3435 632 3491 ut
649 3421 779 3517 longius
796 3425 928 3495 obstent

94 3539 353 3634 Exspectentque
373 3566 487 3636 rogos,
507 3541 656 3611 flammas
674 3568 756 3612 neve
772 3560 848 3613 sote
861 3546 1024 3617 fatiscant.

143 3657 318 3748 Squalidus
334 3686 409 3730 ecce
428 3687 542 3755 genas,
563 3677 597 3730 et
613 3664 717 3731 hianti
735 3663 872 3734 vulnere
893 3665 1036 3760 pallens,

94 3777 232 3844 Ornitus
248 3777 321 3869 (hic
338 3781 427 3849 socio
446 3781 594 3850 desertus
610 3781 650 3848 ab
668 3785 818 3876 agmine;
838 3787 944 3855 tardat

93 3894 193 3989 Plaga
211 3896 338 3988 recens)
358 3899 491 3968 timidus
512 3916 638 3968 secreta
655 3926 713 3995 per
732 3906 804 3971 avia
822 3904 909 3972 furto

92 4012 208 4083 Debile
226 4017 332 4106 carpit
350 4016 423 4102 iter,
440 4015 613 4111 fractoque
629 4022 783 4089 innititur
799 4023 908 4090 hastae.
