2812 5258
322 432 359 490 dl
630 427 840 483 Ttffiltnmos
860 429 968 485 uunn
987 429 1036 481 Vl.
1244 427 1276 482 tv.
1289 418 1358 474 sss.)

322 549 457 638 Gloria,
478 551 637 618 terrificos
656 551 802 619 humeris
820 550 947 620 AEtolus
966 551 1105 619 amictus

323 671 476 751 Eruitur,
493 670 704 762 patriumque
722 696 813 737 suem
836 697 843 738 :
865 669 952 739 levat
969 671 1076 740 ardua
1097 680 1213 734 contra

322 790 490 874 Membra,
511 788 671 858 Cleonaeae
690 793 801 885 stirpis
817 791 962 882 jactator
980 788 1155 885 Agylleus,

322 907 483 976 Herculea
503 934 563 976 nec
582 909 669 977 mole
684 912 793 978 minor
809 937 816 978 :
833 912 880 979 sie
900 910 1080 1005 grandibus
1098 905 1165 977 alte

322 1032 500 1121 Insurgeus
521 1029 683 1117 humeris,
703 1031 872 1098 hominem
890 1056 989 1123 super
1008 1031 1180 1124 improbus
1200 1026 1277 1090 exit.

321 1149 385 1218 Sed
405 1173 472 1216 non
491 1147 546 1217 ille
564 1152 665 1244 rigor,
686 1152 896 1244 patriumque
916 1153 950 1217 in
969 1175 1107 1243 corpore
1127 1150 1244 1215 robur.

321 1271 507 1339 Luxuriant
527 1287 638 1358 artus,
659 1270 831 1364 effusaque
848 1272 1009 1365 sanguine
1029 1268 1102 1336 laxo

321 1389 471 1456 Membra
491 1406 606 1458 natant
626 1417 634 1458 :
656 1390 732 1460 inde
752 1392 821 1458 haec
843 1389 951 1457 audax
971 1389 1092 1457 fiducia
1111 1403 1239 1456 tantum

322 1508 464 1575 OEnidae
483 1535 640 1603 superare
658 1534 782 1602 parem.
801 1511 1002 1600 Quanquam
1022 1510 1091 1601 ipse
1108 1508 1210 1575 videri

323 1630 487 1722 Exiguus,
509 1631 622 1724 gravia
639 1654 713 1697 ossa
729 1644 858 1711 tamen,
879 1628 1041 1719 nodisque
1059 1625 1172 1694 lacerti

323 1748 481 1818 Difficiles
502 1776 509 1816 :
528 1773 699 1842 uunquam
719 1749 807 1815 hunc
826 1748 973 1814 animum
993 1748 1121 1816 Natura
1142 1747 1263 1812 minori

324 1873 489 1962 Corpore,
508 1893 569 1936 nec
588 1884 695 1936 tantas
715 1893 795 1936 ausa
814 1882 862 1936 est
883 1865 1051 1935 includere
1071 1869 1167 1934 vires.

371 1990 551 2080 Postquam
570 1987 643 2056 oleo
666 1991 778 2082 gavisa
795 1990 898 2072 cutis,
916 1990 999 2082 petit
1018 2013 1130 2080 aequor
1152 2001 1289 2074 uterque

327 2111 491 2177 Procursu
509 2110 673 2195 medium,
696 2124 796 2202 atque
815 2110 932 2178 hausta
950 2109 1088 2176 vestitur
1107 2128 1213 2172 arena.

324 2230 409 2294 Tum
429 2227 579 2296 madidos
597 2243 687 2297 artus
708 2227 835 2295 alterno
854 2227 989 2319 pulvere
1003 2229 1149 2304 siccant,

324 2343 482 2436 Collaque
502 2346 684 2412 demersere
704 2346 865 2429 humeris,
885 2358 918 2411 et
939 2344 1073 2411 brachia
1091 2340 1154 2407 late

325 2467 414 2529 Vara
432 2476 553 2529 tenent.
572 2465 643 2529 lum
665 2476 743 2529 tunc
761 2477 834 2528 astu
852 2461 984 2529 deducit
1003 2463 1036 2528 iu
1054 2484 1183 2552 aequum

324 2579 490 2668 Callidus,
510 2595 543 2648 et
562 2579 683 2649 celsum
704 2596 883 2675 procurvat
902 2578 1038 2676 Agyllea
1056 2578 1187 2673 Tydeus

325 2702 512 2769 Submissus
531 2716 644 2794 tergo,
665 2717 698 2770 et
718 2703 856 2796 genibus
876 2702 1004 2770 vicinus
1023 2723 1141 2769 arenae.

370 2819 430 2890 Ille
448 2836 575 2909 nutem,
594 2821 706 2916 Alpini
724 2822 826 2891 veluti
847 2823 962 2916 regina
981 2844 1154 2914 cupressus

325 2941 486 3025 Verticis,
507 2956 663 3034 urgentes
683 2945 842 3011 cervicem
860 2940 996 3008 inclinat
1014 2942 1047 3007 in
1066 2945 1224 3025 Austros,

324 3062 389 3127 Vix
407 3085 475 3127 sese
495 3060 605 3130 radice
626 3077 756 3148 tenens,
778 3078 936 3154 terraeque
952 3062 1175 3153 propinquat,

219 3211 225 3235 κ
323 3178 523 3247 iamdudum
542 3181 691 3250 aetherias
711 3181 824 3249 eadem
843 3180 992 3249 reditura
1012 3181 1072 3248 sub
1090 3202 1204 3260 auras;

324 3300 401 3366 Non
421 3322 514 3366 secus
537 3302 684 3392 ingentes
703 3315 794 3368 artus
812 3300 984 3393 praecelsus
1004 3298 1157 3393 Agylleus

325 3419 450 3509 Sponte
461 3419 595 3509 premit,
607 3444 811 3511 parvumque
821 3444 954 3513 gemens
964 3418 1153 3512 duplicatur
1163 3417 1198 3485 in
1208 3417 1355 3484 hostem:

323 3536 440 3627 Etjum
451 3535 713 3622 alternamanus,
722 3538 941 3633 frontemque,
950 3536 1355 3630 humerosquelatusque,

324 3653 501 3747 Collaque,
520 3671 733 3749 pectoraque,
752 3674 784 3726 et
802 3647 942 3727 litantia
960 3684 1058 3727 crura
1076 3657 1227 3726 lacessit:

323 3773 559 3866 interdumque
577 3775 633 3843 diu
654 3777 799 3870 pendent
818 3804 879 3872 per
894 3794 1009 3846 mutua
1029 3778 1102 3845 fulti

226 3888 228 3893 ’
323 3893 479 3974 Brachia,
502 3919 589 3963 nuuc
608 3899 682 3964 saevi
701 3896 879 3991 digitorum
900 3898 1029 3966 vincula
1049 3899 1216 3991 frangunt.

370 4014 447 4081 Non
467 4016 514 4081 sie
534 4015 686 4085 ductores
706 4021 825 4112 gemini
846 4022 953 4113 gregis
973 4018 1108 4087 horrida
1130 4018 1214 4084 tauri
