2812 5258
77 488 156 539 ,aas
407 479 594 533 suvaann
612 478 719 533 unna
739 479 752 531 1

123 603 199 690 lpsa
217 600 313 665 etiam
332 613 465 666 cunctos
484 601 592 691 gravis
610 600 818 666 inclementia
836 600 893 667 fati

75 718 220 801 Terruit,
239 729 272 783 et
289 715 387 783 subiti
405 741 548 809 praeceps
563 715 708 809 juvenile
725 716 852 809 pericli,

77 832 132 903 Nil
152 847 323 902 cunctante
342 833 439 902 malo.
456 837 533 903 Non
551 833 632 904 illud
650 833 747 928 culpa
763 848 911 921 senectae,

78 953 228 1045 (Quippe
248 977 285 1020 ea
303 952 438 1021 bissenis
457 955 512 1021 vix
532 953 611 1020 dum
631 977 704 1021 orsa
722 953 876 1022 excedere
894 953 1021 1045 lustris)

77 1070 139 1136 Sed
158 1070 250 1138 labor
267 1070 455 1155 intendens,
475 1072 641 1163 animique
659 1073 694 1138 in
712 1071 857 1138 membra
874 1072 1015 1164 vigentis

78 1190 275 1280 Imperium,
294 1188 470 1282 vigilesque
489 1214 549 1257 suo
568 1214 628 1282 pro
645 1191 771 1259 Caesare
789 1213 889 1275 cure,

78 1304 182 1372 Dulce
203 1329 294 1396 opus.
316 1309 401 1375 Hinc
420 1307 517 1376 sessos
538 1309 667 1400 penitus
684 1307 845 1400 subrepsit
861 1309 895 1373 in
914 1318 1003 1373 artus

77 1424 235 1491 insidiosa
254 1425 360 1516 quies,
380 1439 413 1493 et
432 1427 526 1518 pigra
543 1424 662 1493 oblivia
681 1427 763 1492 vitae.

124 1544 217 1609 Tunc
237 1546 341 1629 Deus,
361 1542 475 1636 Alpini
493 1545 549 1635 qui
566 1545 658 1635 juxta
678 1541 822 1610 culmina
841 1540 927 1609 dorsi

77 1660 190 1751 Signat
208 1660 381 1753 Apollineo
400 1676 528 1731 sanctos
547 1664 742 1755 cognomine
760 1660 865 1745 lucos,

76 1778 235 1867 Respicit,
254 1779 318 1846 bcu
338 1783 419 1847 tanti
439 1780 567 1873 pridem
584 1794 716 1849 'securus
733 1776 857 1846 alumni

77 1894 316 1988 Perpessusque
337 1921 444 1964 moras
464 1924 472 1963 ι
493 1903 591 1966 «Huc
611 1922 755 1982 mecum,
774 1896 951 1989 Epidauria
971 1890 1096 1986 proles,

79 2012 167 2093 Huc,
187 2009 260 2078 altis
279 2012 439 2106 gaudens3
457 2013 554 2079 datur
571 2015 787 2106 aggredienda
805 2013 939 2081 facultas

79 2128 251 2219 lugentem
271 2152 416 2196 recreare
433 2131 541 2196 virum
560 2154 567 2195 :
590 2143 754 2197 teneamus
772 2130 877 2197 adorti

79 2244 263 2314 Tendentes
276 2248 345 2338 jam
364 2245 418 2312 fila
435 2245 525 2314 colos
543 2273 551 2313 ε
571 2272 632 2315 nec
650 2245 795 2313 fulminis
814 2248 876 2313 atri

78 2361 124 2428 Sit
144 2377 265 2447 metus;
283 2365 341 2431 has
360 2360 447 2432 ultro
467 2365 614 2432 laudabit
632 2367 782 2456 luppiter
801 2376 885 2431 artes
905 2388 913 2428 :

78 2480 162 2547 Nam
182 2506 287 2573 neque
309 2481 482 2575 plebeiam,
501 2495 559 2551 aut
578 2481 694 2549 dextro
713 2483 782 2547 sine
799 2482 935 2548 numine
952 2495 1073 2548 cretam

78 2600 178 2666 Servo
189 2601 347 2686 animam;
360 2615 458 2693 atque
470 2601 568 2685 adeo,
579 2600 732 2682 breviter,
745 2600 824 2666 dum
840 2611 923 2666 tecta
935 2597 1096 2676 subimus,

78 2716 265 2808 Expediam.
287 2719 400 2786 Genus
420 2721 488 2811 ipse
505 2720 586 2802 suis,
606 2718 835 2809 praemissaque
855 2727 943 2781 retro

77 2833 257 2918 Nobilitas3
275 2859 337 2903 nec
355 2838 448 2928 origo
469 2834 562 2921 latet,
581 2834 638 2903 sed
656 2834 729 2902 luce
747 2845 904 2924 sequente

77 2954 240 3039 Vincitur,
259 2967 293 3021 et
312 2977 431 3045 magno
450 2951 570 3045 gaudet
589 2955 719 3021 cessisse
736 2952 857 3044 nepoti.

77 3073 186 3139 Prima
204 3085 286 3165 togae
305 3072 434 3139 virtus:
454 3069 510 3138 illa
529 3095 660 3163 quoque
678 3070 800 3154 clarus,
819 3083 852 3137 et
869 3066 985 3160 ingens

77 3189 216 3283 Eloquio
236 3216 243 3257 :
265 3214 341 3258 mox
360 3190 540 3256 innumeris
557 3191 697 3257 exercita
714 3190 842 3271 castris,

79 3309 252 3396 Occiduas,
267 3311 454 3402 primasque
472 3305 601 3391 domos,
621 3320 654 3373 et
673 3305 740 3374 sole
761 3306 820 3373 sub
840 3305 931 3373 omni

79 3427 261 3495 Promeruit
276 3429 385 3519 jurata
404 3449 536 3508 manus3
555 3449 615 3492 nec
633 3426 670 3492 iu
688 3426 753 3491 otia
774 3427 862 3516 pacis

80 3544 273 3610 Permissum
292 3543 402 3612 laxare
420 3545 568 3628 animos,
589 3543 776 3634 ferrumque
795 3543 917 3634 recingi
938 3567 946 3606 :

81 3662 176 3725 Huuc
193 3658 322 3728 Galatia
337 3664 451 3754 vigens
469 3686 546 3730 anm
564 3675 613 3730 est
631 3663 790 3729 incessere
808 3657 895 3729 bello
915 3685 923 3726 ε

81 3780 178 3842 Hunc
197 3800 326 3869 quoque
346 3802 469 3872 perque
487 3804 604 3866 novem
625 3780 734 3847 timuit
756 3775 948 3870 Pamphylia
966 3798 1101 3856 messes,

80 3894 334 3986 Pannoniusque
352 3896 457 3981 ferox,
475 3923 617 3990 arcuque
635 3895 800 3966 horrenda
821 3895 928 3989 fugaci
954 3962 959 3970 .

81 4015 253 4097 Armenia,
272 4029 304 4080 et
322 4016 448 4105 patiens
466 4020 550 4084 latii
565 4020 632 4106 jam
652 4020 761 4108 pontis
781 4019 912 4085 Araxes.
