2812 5258
361 443 400 496 IN
423 444 453 496 P.
475 442 503 494 Ρ.
527 440 652 495 8ΤΑΤΙΙ
674 439 779 495 THEB.
802 440 872 494 LIB.
894 441 945 495 lx.
1120 443 1176 499 325

179 560 217 612 Et
236 558 314 630 Tyn'i
329 555 368 633 (v.
387 558 460 633 177).
476 555 601 611 «Melius
615 555 739 626 optimus
754 565 782 609 et
801 556 847 609 alii
863 556 927 611 libri
944 561 1006 609 :At
1025 555 1113 630 Tyrii.
1130 583 1144 607 η

1003 648 1112 703 Bessa.

182 741 305 797 culmine
313 739 350 818 (v.
371 741 444 816 194).
459 742 503 796 Sc.
520 739 685 812 templi,vel
700 737 801 793 aedium
815 739 1007 811 pastoralium.
1020 741 1054 794 V.
1065 742 1176 796 Banu.

181 835 408 908 Gaudentemque
418 832 519 900 jubam
543 829 580 904 (v.
604 828 680 905 214).
697 831 749 883 ΜΒ
769 850 775 882 :
793 832 1025 903 «undantemque
1038 831 1145 902 jubam.
1165 857 1176 879 s

179 932 323 1000 Astyagen
337 925 374 1000 (r.
398 923 474 997 253).
492 924 546 986 ΜΒ
566 943 572 975 :
595 923 758 977 Astaciden.

178 1019 216 1071 Et
242 1037 262 1071 o
274 1017 364 1089 fluvio
382 1016 419 1092 (v.
441 1014 518 1085 258).
539 1016 613 1069 Bene
632 1015 686 1067 ΜΒ
711 1033 717 1065 :
742 1033 782 1067 ue
802 1011 899 1069 fluvio.
913 1040 924 1063 υ
939 1015 1068 1072 -ldem
1082 1026 1173 1072 ante:

139 1120 282 1183 utrumqne
296 1121 375 1165 tenet.

179 1202 253 1254 Puer
265 1202 371 1273 Agrum
381 1197 418 1272 (v.
431 1196 507 1272 266).
519 1214 536 1250 a
546 1197 657 1251 Behott.
674 1215 679 1248 :
696 1195 850 1270 Argipltns.
866 1201 1012 1255 -Paullo
1024 1210 1090 1274 post
1104 1201 1158 1254 ΜΒ
1170 1219 1176 1253 :

141 1293 288 1346 conamine
301 1293 383 1345 victo.
1036 1313 1042 1323 ·

181 1384 301 1454 Sagen...
317 1383 415 1437 mersit
427 1379 465 1456 (v.
483 1380 560 1455 269).
578 1382 631 1436 ΜΒ
647 1401 653 1434 :
679 1382 804 1453 Tagen...
825 1383 933 1456 mergit.
943 1384 1072 1439 —ldem
1087 1384 1177 1439 altero

138 1475 241 1529 abhinc
255 1493 338 1529 versu
355 1494 361 1526 :
379 1476 443 1528 Des.
459 1476 524 1546 n'pa
532 1472 656 1543 fratrem
672 1484 814 1547 empturus
828 1478 881 1546 Ag.

178 1556 325 1622 Chnletitm
344 1566 381 1640 (v.
397 1566 474 1644 276).
488 1568 543 1622 ΜΒ
562 1587 568 1619 :
586 1566 732 1633 Calenam,-
746 1568 815 1639 Reg.
841 1586 852 1620 1
877 1586 884 1620 ε
903 1566 1095 1640 Capetum—
1110 1569 1177 1641 Seq.

137 1678 164 1712 v.
186 1659 296 1712 Nodato
314 1660 427 1732 gurgite.
453 1658 549 1729 «Quia
565 1658 693 1732 astringit
717 1657 826 1732 vertigo
846 1655 971 1714 fluminis
988 1670 1130 1721 natantes,
1149 1672 1178 1716 et

139 1767 197 1804 nou
213 1748 261 1803 dat
281 1749 402 1822 spatium
417 1749 591 1805 evadendi.»
604 1751 689 1805 Lscr.

183 1839 298 1896 Concita
314 1852 404 1895 tractu
418 1842 536 1916 gurgitis
553 1841 590 1915 (v.
607 1839 684 1915 282).
706 1864 721 1891 a
731 1843 830 1916 Apage
845 1842 1004 1916 segniorem
1018 1860 1105 1915 quam
1120 1858 1185 1916 pro¹

139 1951 168 1988 rc
184 1950 283 1987 vocem
300 1942 328 1987 et
341 1933 431 1988 scribe
449 1952 514 1987 cum
529 1942 588 2007 opt.
605 1954 611 1986 :
629 1932 1018 2005 «contempnamus.

184 2024 401 2099 Thebanumque
422 2025 533 2080 Lr'chan
553 2024 591 2102 (v.
608 2023 685 2101 291).
709 2024 755 2080 Sic
775 2043 842 2080 sanc
872 2024 956 2080 codd.
978 2026 1107 2099 aliquot3
1130 2027 1181 2084 sed

138 2117 250 2188 plures,
264 2116 338 2171 inter
368 2136 440 2190 quos
460 2119 528 2185 ΜΒ,
555 2118 729 2172 Thcboeum:
754 2115 832 2171 unde
856 2115 902 2171 alii
923 2116 1032 2171 librarii
1054 2117 1182 2173 fecerunt

139 2208 303 2263 Plroebcum.
320 2209 422 2263 Forma
443 2208 530 2282 igitur
556 2207 692 2264 Theboeus
707 2207 774 2280 quia
790 2207 831 2261 uti
851 2225 911 2262 non
929 2207 1044 2264 videtur
1061 2209 1180 2279 Statius,

137 2301 303 2356 Gronovius
316 2301 505 2374 probabiliter
525 2298 608 2356 finxit
625 2300 802 2365 Thoonem,
820 2301 885 2355 coll.
905 2300 972 2371 768.

178 2394 241 2448 Non
255 2394 405 2468 decepture
411 2406 545 2468 parentes
559 2390 597 2466 (v.
613 2388 691 2466 295).
708 2417 719 2439 a
732 2391 766 2445 ld
789 2402 831 2447 est
853 2392 882 2446 in
902 2393 986 2448 unius
1003 2394 1085 2448 vultu
1105 2393 1181 2450 desi-

136 2494 206 2538 nant
220 2495 351 2557 parentes
365 2502 400 2539 ex
417 2483 602 2540 similitudine
615 2481 742 2538 filiorum
755 2501 886 2538 errare.»
905 2485 992 2539 Lacr.

176 2575 262 2630 Solvit
274 2574 311 2652 (v.
335 2575 648 2648 301).1>enens.,neg.
667 2595 678 2629 1
699 2595 705 2628 :
721 2577 813 2630 solvet.

176 2668 319 2738 Elysios...
334 2685 441 2722 sorores
456 2664 493 2742 (v.
511 2664 588 2738 323).
603 2667 729 2720 «Parcas
743 2664 772 2717 iu
787 2664 889 2737 Elysiis
902 2665 1008 2736 campis
1023 2665 1178 2720 dominan-

136 2767 187 2811 tes.
206 2757 342 2831 Intelligit
355 2768 476 2814 mortem
492 2768 519 2812 et
535 2756 572 2811 ad
586 2756 694 2828 Elysios
714 2772 829 2826 campos
851 2753 981 2829 [aditum]
996 2774 1055 2811 esse
1073 2757 1103 2809 in
1121 2776 1180 2830 po-

138 2858 236 2903 testate
257 2852 439 2906 Parcarum.»
456 2853 556 2907 Gnoss.

180 2942 345 3015 Pantemue
361 2945 504 2997 revenitur
513 2943 607 2997 omnis
617 2937 654 3016 (r.
672 2937 749 3015 327).
761 2963 773 2988 α
783 2939 909 2994 Omnino
918 2939 1070 3014 legendam
1079 2945 1180 2998 amni:

140 3033 170 3087 id
184 3043 227 3088 est
241 3052 305 3088 cum
315 3034 378 3106 ipso
396 3032 513 3090 flumine
531 3033 674 3090 celeritate
692 3031 813 3086 vertitur
826 3042 853 3086 et
868 3033 1030 3090 revertitur.
1045 3061 1056 3083 υ
1067 3038 1178 3091 Bura.

140 3126 334 3181 Anthedonius
349 3124 470 3199 hospes,
493 3129 625 3183 Glaucus.

181 3219 240 3271 Nec
254 3219 376 3272 discolor
389 3217 426 3293 (v.
444 3217 520 3292 338).
538 3220 592 3273 ΜΒ
604 3237 610 3270 :
626 3219 716 3271 «lom
734 3215 891 3271 discolor.»
906 3217 962 3273 Sed
976 3218 1047 3273 illud
1068 3238 1180 3290 verum,

138 3320 171 3363 ut
185 3321 261 3365 recte
279 3309 389 3380 judicat
404 3309 554 3365 Webcrus.

180 3402 286 3455 Misero
308 3399 346 3476 (v.
363 3400 440 3477 378).
463 3402 516 3456 ΜΒ
534 3421 540 3454 :
560 3402 679 3456 mireroe.
695 3403 729 3456 Et
750 3421 776 3455 v.
794 3400 851 3458 380
872 3401 947 3456 idem
975 3404 1113 3477 Reppulit
1122 3422 1177 3477 pro

139 3498 251 3550 rectum.

182 3589 277 3655 Saeve,
299 3591 367 3643 veni
384 3586 422 3665 (v.
446 3588 523 3664 398).
541 3589 594 3642 ΜΒ
615 3599 643 3642 et
663 3589 734 3644 alius
755 3609 762 3642 :
782 3591 856 3644 Sere.
876 3619 916 3630 -
936 3589 999 3643 Non
1018 3588 1065 3642 lu'c
1088 3592 1180 3643 solum

139 3698 288 3735 accensure
299 3693 439 3754 nepotem.
461 3678 609 3735 «Habebis
623 3697 736 3735 causam
753 3681 836 3736 aliam
856 3682 1043 3755 lacrymarum
1059 3689 1178 3755 propter

140 3771 287 3846 Hypseum
310 3772 410 3827 funere
423 3771 499 3847 [MS.
520 3771 602 3826 Lind.
626 3790 633 3823 :
653 3771 859 3828 «funereum»
873 3776 919 3828 An
927 3771 1033 3843 fratris
1048 3773 1093 3827 vel
1104 3771 1178 3842 fra·

139 3868 270 3918 ternum?
286 3866 348 3919 coll.
373 3884 400 3918 v.
426 3862 494 3938 449]
514 3862 619 3930 lilium,
643 3882 728 3936 quem
748 3877 846 3938 postea
867 3868 1014 3939 Capaneus
1035 3864 1184 3920 occisurus

140 3966 189 4009 est.
204 3979 218 4004 n
238 3958 322 4010 Lscr.
343 3954 452 4011 emend.
473 3974 488 4009 e
511 3955 574 4009 cod.
594 3955 679 4010 Paris.
696 3957 829 4012 Rectiora
845 3958 903 4011 hac
917 3975 1003 4028 quam
1018 3976 1081 4028 quae
1098 3957 1183 4030 glos-.

142 4049 304 4121 sograplurs.
