2812 5258
76 448 111 509 tv·
124 448 195 508 nt.)
392 442 605 499 rtmaamos
625 440 733 497 amna
755 440 804 495 tv.
1087 458 1122 511 ,7

77 572 147 642 Sed
167 568 249 664 quid
266 591 329 663 ego
348 568 443 638 haec?
464 567 632 660 fessosque
648 568 771 661 optatis
791 565 949 635 demoror
966 565 1084 636 undis?

76 694 212 761 Mecum
230 713 292 784 age
308 714 399 758 nunc
415 714 422 756 ε
441 691 468 757 si
487 689 573 757 forte
593 686 680 756 uado
697 688 824 780 Langia
844 711 1006 781 perennes

78 818 197 885 Servat
216 836 343 905 aquas:
362 811 447 881 solet
464 826 500 880 et
515 810 623 904 rapidi
640 809 702 878 sub
719 807 824 878 limite
842 810 954 876 cancri

81 939 236 1028 Semper,
254 948 288 1002 et
304 935 402 1003 Icarii
421 934 575 1026 quamvis
592 933 673 1025 juba
693 929 837 1025 fulgeret
854 932 950 1014 astri,

79 1060 134 1127 Ire
152 1072 275 1125 tamen.
293 1052 432 1124 »Simul
450 1055 648 1140 herentem,
667 1075 710 1122 ne
726 1052 820 1122 tarda
837 1051 981 1145 Pelasgia

81 1181 158 1247 Dux
176 1177 280 1264 soret,
298 1177 341 1245 ah
358 1177 517 1245 miserum
535 1177 646 1244 vicino
662 1176 784 1269 cespite
804 1173 996 1261 alumnum,

82 1298 136 1367 stc
153 1300 267 1367 Parcae
286 1295 438 1382 voluere,
458 1294 564 1384 locat,
580 1297 744 1391 ponitque
761 1311 941 1390 negantem

80 1415 235 1487 Floribus
252 1419 418 1512 aggestis,
436 1431 470 1485 et
485 1419 593 1486 arnico
613 1440 786 1486 murmure
803 1414 915 1486 dulces

81 1537 215 1609 Solatur
238 1537 423 1633 lacrymas:
441 1537 549 1631 qualis
568 1539 790 1633 Berecynthia
807 1552 927 1622 mater,

81 1660 173 1727 Dum
189 1659 278 1727 circa
298 1683 436 1753 parvm
451 1659 549 1754 jubet
567 1658 734 1729 exsultare
751 1662 938 1728 Tonantem

82 1781 224 1849 Curetas
245 1778 392 1873 trepidos
414 1804 421 1847 :
442 1778 491 1848 illi
511 1782 672 1848 certantia
690 1778 856 1873 plaudunt

82 1900 205 1994 Orgia,
223 1899 281 1966 sed
301 1899 431 1992 magnis
448 1914 582 1967 resonat
600 1899 764 1994 vagitibus
784 1900 852 1968 Ide.

137 2025 180 2087 At
198 2042 281 2111 puer
300 2018 335 2085 in
353 2019 481 2111 gremio
498 2042 607 2086 verna
626 2019 768 2102 telluris,
788 2035 821 2088 et
842 2019 910 2088 alto

82 2138 262 2225 Gramine,
283 2162 374 2207 nunc
392 2136 504 2207 faciles
523 2141 641 2207 sternit
662 2141 877 2234 procursibus
894 2141 1013 2209 herbas

83 2263 123 2328 ln
145 2257 277 2327 vultum
298 2261 430 2347 nitens;
450 2283 561 2329 caram
579 2260 680 2330 modo
700 2258 793 2331 lactis
812 2286 920 2356 egeno

85 2380 260 2449 Nutricem
276 2376 432 2474 clangore
449 2381 554 2466 ciens,
577 2383 765 2476 iterumque
785 2381 952 2465 renidens,

87 2504 128 2571 Et
144 2502 267 2570 teneris
282 2501 448 2571 meditans
464 2505 565 2572 verba
584 2503 769 2574 illuctantia
789 2504 906 2590 labris,

87 2624 230 2692 Miratur
248 2646 423 2692 nemorum
443 2627 614 2720 strepitus,
630 2642 688 2696 aut
705 2628 805 2696 obvia
824 2627 949 2718 carpit,

85 2746 152 2812 Aut
171 2742 286 2838 patulo
306 2744 408 2813 trahit
428 2769 486 2814 ore
505 2744 618 2815 diem:
640 2749 849 2839 nemorisque
867 2742 1032 2813 malorum

87 2864 229 2951 Inscius,
247 2879 281 2932 et
300 2866 376 2934 vitae
393 2864 538 2934 multum
559 2890 693 2935 securus
711 2869 846 2935 inerrat.

86 2984 140 3052 Sic
161 2997 254 3052 tener
273 2984 416 3080 Odrysia
436 2989 573 3055 Mavors
591 2987 682 3075 nive,
699 2988 746 3055 sic
765 3011 848 3080 puer
866 2986 933 3054 ales

85 3105 221 3173 Vertice
236 3105 410 3191 Maenalio,
431 3105 506 3176 talis
524 3132 585 3201 per
606 3106 702 3176 litora
724 3121 860 3202 reptans

87 3225 264 3319 [mprobus
284 3229 434 3322 Ortygie
451 3226 538 3297 latus
554 3226 734 3297 inclinabat
753 3226 884 3322 Apollo.

138 3342 189 3414 Illi
217 3371 277 3441 per
293 3345 416 3417 dumos
430 3363 464 3418 et
482 3374 585 3445 opaca
605 3351 790 3419 virentibus
809 3349 935 3417 umbris

88 3466 195 3535 Devia
213 3491 291 3562 pars
308 3470 470 3566 cingunt,
488 3494 566 3565 pars
585 3487 658 3541 aeta
673 3468 771 3566 plebe
790 3484 992 3563 sequuntur,

88 3585 371 3682 Praecelerantque
391 3590 521 3660 ducem.
544 3591 695 3661 Medium
713 3593 801 3662 subit
821 3589 876 3660 illa
895 3614 954 3685 per
970 3613 1089 3684 agmen

89 3708 169 3779 Non
188 3707 307 3775 humili
326 3709 444 3779 festina
463 3711 563 3781 modo
583 3739 591 3780 ε
610 3714 746 3808 jamque
767 3736 866 3782 amne
886 3710 1075 3806 propinquo

89 3828 205 3897 Rauca
225 3844 321 3897 sonat
339 3829 450 3921 vallis,
470 3858 692 3929 saxosumque
709 3832 841 3930 impulit
859 3855 954 3901 aures

81 3948 246 4017 'Munnur
264 3974 272 4015 :
292 3949 337 4018 ibi
359 3952 527 4023 exsultans
546 3956 732 4026 conclamat
747 3956 788 4024 ab
806 3955 938 4049 agmine
953 3951 1078 4046 primo,

89 4068 184 4139 Sicut
203 4085 295 4159 erat,
317 4069 445 4141 levibns
463 4073 582 4145 tollens
596 4076 718 4146 'vexilla
736 4073 891 4167 maniplis
