2812 5258
98 455 216 520 (essa.)
394 448 646 507 neurunmos
667 447 778 504 nunna
800 448 823 501 r.
1069 464 1122 517 ψ

99 581 241 669 (Nonne
257 575 362 662 vides,
384 590 421 643 ut
441 590 534 645 torva
553 598 669 667 genas,
686 571 912 665 aequandaque
931 570 1023 639 fratri
1034 568 1072 662 l)

97 697 296 766 Tradimus:
317 719 408 764 arma
424 694 569 763 humeris
582 716 761 785 arcumque
780 691 926 758 animosa
947 690 1078 783 petebat

99 820 216 900 Ferre,
236 830 268 884 et
284 816 465 884 Amazonio
480 812 645 882 connubia
663 809 784 906 pellere
801 811 879 878 ritu.

98 935 162 1005 sed
177 935 259 1004 mihi
279 957 434 1003 curarum
454 935 532 1002 satis
548 945 598 1000 est
615 954 677 1023 pro
697 931 798 1022 stirpe
817 926 915 997 virili.

98 1058 174 1122 llaec
192 1053 338 1123 calathos
353 1068 387 1122 et
405 1076 497 1122 sacra
514 1052 598 1120 ferat
616 1076 624 1118 :
643 1065 681 1119 tu
701 1049 816 1142 frange
832 1046 978 1142 regendo

98 1172 277 1242 Indocilem
299 1194 480 1262 sexumque
499 1184 590 1257 tene,
608 1168 688 1236 dum
706 1167 828 1236 nubilis
848 1183 943 1253 aetas,

97 1288 346 1383 solvendusque
361 1287 471 1382 pudor
487 1312 495 1354 t
515 1311 597 1356 neve
612 1311 763 1356 exercere
780 1302 948 1380 protervas

98 1408 305 1503 Gymnadas,
326 1421 384 1477 aut
401 1405 513 1476 lustris
533 1430 707 1475 nemorum
723 1405 867 1476 concede
884 1407 1007 1501 vagari.

97 1531 191 1596 Intus
208 1526 277 1614 ale,
295 1541 328 1596 et
347 1524 467 1596 similes
487 1528 574 1596 inter
593 1524 725 1595 seclude
743 1524 878 1620 puellas.

98 1647 211 1715 Litore
227 1648 411 1742 precipue,
430 1661 595 1743 portuque
616 1670 730 1716 arcere
745 1661 920 1717 memento.

97 1765 219 1834 Vidisti
240 1767 338 1836 modo
358 1767 431 1837 vela
446 1769 617 1864 Phrygum
637 1793 645 1836 ε
663 1771 732 1862 jam
751 1783 867 1838 mutua
881 1767 955 1860 jura

96 1883 222 1955 Fallere
244 1890 444 1956 transmissas
461 1888 578 1984 pelago
597 1886 741 1956 didicere
758 1890 886 1956 carinae.
905 1918 921 1953 r

146 2004 283 2077 Accedit
301 2003 399 2073 dietis
417 2019 522 2099 pater,
539 2006 736 2100 ingenioque
754 2008 898 2100 parentis

96 2120 273 2194 Occultum
291 2124 447 2193 AEaciden
463 2124 552 2218 (quis
569 2126 693 2194 Divum
710 2124 881 2193 fraudibus
896 2124 1002 2193 obstet
1012 2123 1044 2216 l)

96 2243 226 2335 Accipit
242 2267 250 2308 :
271 2239 360 2311 ultro
376 2244 475 2311 etiam
490 2257 668 2323 veneratur
683 2242 831 2338 supplioe
848 2243 978 2328 desua,

96 2365 138 2430 Et
157 2375 265 2455 grates
282 2361 407 2431 electus
426 2365 495 2456 agit
511 2388 520 2431 ε
537 2387 597 2432 nec
616 2365 714 2433 turba
731 2365 862 2457 piarum

97 2481 290 2574 Scyriadum
308 2497 415 2551 cessat
430 2483 534 2552 nimio
548 2483 689 2577 defigere
709 2484 782 2552 visu

97 2600 244 2693 Virginis
260 2625 320 2668 ora
338 2624 449 2687 nove,
469 2616 630 2693 quantum
647 2603 792 2687 eervioe,
808 2604 978 2695 comisque

96 2719 260 2806 Emineat,
279 2734 507 2813 quantumque
524 2721 680 2789 humeros
697 2745 736 2789 ae
754 2735 889 2815 pectora
904 2721 1031 2790 fundat.

95 2838 224 2907 Dehinc
240 2841 364 2909 sociare
379 2841 515 2928 choreti
530 2841 695 2933 castisque
709 2840 863 2910 aooedere
879 2843 979 2911 saeris

96 2961 296 3046 Hortantur,
316 2959 503 3054 ceduntque
522 2957 611 3047 loco,
630 2974 664 3027 et
682 2961 874 3055 oontingere
891 2959 1044 3055 gaudent.

96 3076 251 3166 Qualiter
265 3077 378 3148 Idaliae
392 3078 558 3164 volucres,
573 3080 631 3148 ubi
644 3077 757 3149 mollia
772 3080 930 3175 frangunt

96 3197 234 3286 Nubila,
251 3200 321 3290 jam
340 3196 477 3292 longum
493 3199 642 3293 ooeloque
660 3198 824 3293 dommac
844 3215 1004 3295 gregatae,

98 3315 131 3385 si
149 3318 259 3409 junxit
275 3341 419 3412 pennas,
438 3317 634 3414 diversoque
651 3321 781 3414 hospita
799 3333 905 3392 tractu

96 3438 198 3504 Venit
216 3438 305 3522 avis,
322 3453 448 3509 cuncte
468 3441 613 3532 primum
632 3442 795 3510 mirantur
812 3455 846 3512 et
864 3442 1001 3510 horrent
1019 3466 1028 3509 :

98 3554 178 3621 Mox
197 3558 331 3650 propius
352 3560 553 3654 propiusque
568 3558 697 3648 volant,
715 3575 814 3655 atque
834 3585 909 3630 aere
929 3561 1051 3656 inipso

99 3670 260 3740 Paulatim
279 3675 385 3746 faeere
401 3703 515 3768 suam,
533 3677 717 3772 plausuque
732 3679 878 3751 secundo

98 3792 313 3862 Circumeunt
327 3795 465 3879 hilares,
484 3812 517 3867 et
533 3796 575 3866 ad
591 3797 659 3867 alta
674 3798 796 3870 cubilia
811 3801 948 3870 ducunt.

146 3910 341 4006 Digreditur
355 3912 498 3984 multum
516 3932 670 3987 cunctata
686 3919 721 3987 in
741 3917 854 3987 limine
872 3933 989 4005 mater,

98 4033 189 4099 Dum
203 4034 322 4125 repetit
339 4035 501 4122 monitus,
517 4058 702 4132 amansque
718 4061 890 4107 mmmura
905 4036 977 4132 figit
