2812 5258
87 433 120 489 tv.
132 436 201 500 aas.)
393 430 606 494 'summos
628 439 736 494 LIBER
758 440 804 494 v1.

86 557 259 651 Extemplo
276 560 421 627 Nemeen
438 559 588 629 radiante
604 586 661 654 per
677 561 798 631 aethera
814 558 899 630 saltu

86 677 188 746 Ocior
204 692 236 745 et
253 679 361 770 patrio
378 680 469 747 venit
485 682 560 773 igne
578 682 709 773 suisque
727 683 873 774 sagittis„

84 801 158 891 Ipse
174 796 253 866 olim
269 799 303 867 in
319 801 431 887 terris,
450 798 532 901 eoelo
551 802 688 894 vestigia
705 800 849 887 durant,

83 916 249 1012 Claraque
267 944 327 1014 per
346 920 515 1014 Zephyros
532 923 714 990 etiamnum
733 924 850 991 semita
870 920 967 991 lucet.

131 1042 174 1108 Et
189 1041 261 1132 jam
281 1041 416 1110 sortitus
436 1041 601 1109 Prothous
621 1056 768 1109 versarat
787 1042 892 1109 ahena

83 1158 236 1246 Casside,
251 1159 386 1253 jamque
404 1159 495 1229 locus
512 1163 631 1253 cuique
647 1174 764 1257 est,¹et
780 1159 902 1229 liminis
919 1161 1011 1230 ordo.

82 1280 261 1347 Terrarum
278 1279 397 1347 decora
415 1277 525 1371 ampla
540 1281 622 1364 viri,
640 1279 761 1347 decora
777 1278 887 1372 ampla
900 1279 1044 1375 jugales,

82 1399 207 1466 Divum
226 1412 404 1491 utrumque
425 1423 546 1493 genus,
568 1414 742 1468 stantano
758 1401 907 1494 margine
925 1397 1044 1486 clausi3

82 1520 246 1611 Spesque,
265 1518 437 1611 audaxque
456 1544 523 1587 una
543 1535 666 1607 metus,
686 1535 718 1587 et
738 1518 859 1588 fiducia
876 1517 1012 1612 pallens.

82 1637 137 1705 Nil
156 1637 258 1706 fixum
277 1638 368 1707 cordi
387 1663 395 1706 ε
414 1654 563 1734 pugnant
580 1640 687 1726 exire,
705 1648 918 1733 paventque:

81 1758 259 1826 Concurrit
277 1766 422 1827 summos
439 1760 625 1855 animosum
640 1759 746 1852 frigus
761 1760 797 1826 in
812 1773 914 1827 artus.

60 1877 149 1965 -Qui
167 1877 326 1964 dominis,
343 1878 432 1944 idem
450 1876 551 1946 ardor
566 1880 658 1970 equis
677 1904 684 1944 :
704 1878 776 1946 face
789 1877 913 1946 lumina
931 1895 1088 1970 surgunt,

81 2000 152 2064 Ora
166 2010 286 2064 sonant
299 2020 427 2081 morsu,
441 1997 644 2091 spumisque,
660 2011 692 2064 et
705 1997 864 2090 sanguine
877 1995 1001 2065 ferrum

81 2115 216 2201 Uritur,
233 2113 364 2208 impulsi
379 2128 546 2207 nequeunt
561 2114 719 2183 obsistere
734 2128 862 2207 postes,

78 2233 313 2328 Claustraque,
329 2259 521 2328 compresse
536 2234 731 2303 transfumat
747 2233 910 2304 anhelitus
926 2239 991 2305 irae.

78 2358 171 2424 Stare
190 2356 273 2425 adeo
291 2358 445 2425 miserum
462 2353 525 2425 est!
545 2372 683 2450 pereunt
699 2358 837 2452 vestigia
853 2357 944 2426 mille

81 2479 162 2545 Ante
176 2476 304 2571 lugam,
319 2478 555 2570 absentemque
568 2475 643 2544 ferit
657 2478 766 2569 gravis
782 2477 904 2572 ungula
920 2504 1084 2571 campum.

78 2596 302 2665 Circumstant
319 2596 394 2680 fidi,
412 2621 599 2688 nexusque,
617 2612 650 2662 et
667 2610 753 2664 torta
769 2596 927 2688 jubarum

49 2761 54 2769 ·
76 2715 280 2808 Expediunt,
299 2716 498 2808 firmantque
515 2716 661 2817 animos,
679 2729 711 2782 et
728 2714 870 2808 plurima
888 2730 1082 2785 monstrant.

124 2836 277 2904 Insonuit
294 2851 409 2904 contra
426 2835 633 2928 Tyrrhenum
652 2858 818 2919 murmur,
836 2849 868 2902 et
886 2858 1001 2903 omnes

77 2953 246 3023 Exsiluere
260 2954 333 3023 loco
350 2981 357 3022 :
376 2980 448 3049 quae
463 2967 592 3023 tantum
609 2952 744 3020 carbasa
760 2952 885 3046 ponto?

76 3072 161 3160 Quae
176 3073 263 3142 bello
279 3077 326 3143 sic
342 3073 406 3143 tela
424 3073 557 3143 volant?
575 3097 647 3166 quae
664 3069 779 3140 nubila
795 3071 898 3140 coelo?

76 3194 237 3262 Amnibus
251 3194 405 3288 hybernis
418 3196 528 3263 minor
541 3207 605 3281 est,
622 3195 731 3261 minor
744 3195 888 3284 impetus
902 3193 970 3287 igni
986 3219 993 3259 :

76 3312 216 3382 Tardius
229 3328 316 3383 astra
331 3312 476 3415 cadunt:
491 3308 719 3408 glomerantur
733 3311 859 3380 tardius
873 3311 992 3380 imbres
1008 3337 1015 3378 :

75 3431 214 3502 Tardius
227 3459 245 3504 e
259 3459 390 3504 summo
403 3433 584 3505 decurrunt
597 3432 734 3501 flumina
749 3446 870 3500 monte.

122 3556 266 3625 Emissos
278 3553 404 3644 videre,
420 3568 519 3649 atque
532 3577 696 3648 agnovere
710 3551 847 3647 Pelasgi.

72 3677 118 3742 Et
131 3673 199 3764 jam
213 3676 299 3767 rapti
316 3674 437 3769 oculis,
450 3675 520 3768 Jam
536 3696 623 3744 creeo
638 3673 774 3767 pulvere
792 3674 884 3740 mixti

73 3792 151 3860 Una
168 3793 202 3858 in
220 3793 308 3861 nube
324 3794 442 3885 latent,
460 3793 637 3887 vultusque
655 3794 829 3862 umbrante
845 3789 1005 3878 tumultu,

73 3913 139 3982 Vix
155 3914 242 3981 inter
258 3937 327 3982 sese
341 3914 485 3986 clamore
504 3930 536 3984 et
554 3918 689 3983 nomine
708 3926 857 3982 noscunt

72 4030 233 4103 Evolvere
251 4032 402 4129 globum,
422 4049 457 4105 et
473 4038 579 4129 spatio
596 4059 663 4127 quo
680 4035 819 4126 quisque
835 4027 966 4099 valebat
