2812 5258
80 394 114 458 (v.
124 397 193 460 313·)
384 396 591 453 musalms
613 399 720 454 Lmnn
742 401 778 454 11.
1043 397 1099 453 205

81 525 230 616 Apparet
247 523 294 589 ire
315 521 428 590 domos
443 547 451 590 :
466 521 567 590 veluti
585 523 651 590 dux
671 537 801 610 taurus,
817 535 925 592 amata

79 639 175 710 Valle
193 665 323 727 carens,
341 641 472 734 pulsum
490 640 587 709 solito
603 664 702 733 quem
721 643 868 736 gramine
886 643 991 711 victor

79 761 180 827 Jussit
197 759 238 826 ab
252 774 364 852 erepta
382 758 479 852 longe
494 761 620 853 mugire
634 762 797 852 juvenca:

79 877 193 964 Quum
209 876 349 970 profugo
366 876 518 971 placuere
537 879 615 964 tori,
632 879 807 970 cervixque
827 892 959 974 recepto

81 996 248 1091 Sanguine
267 1021 387 1090 magna
401 996 503 1083 redit,
521 996 696 1090 fractaeque
713 997 747 1064 in
768 1011 902 1090 pectora
921 999 1029 1066 vires:

82 1115 174 1186 Bella
191 1119 299 1210 cupit,
320 1115 503 1208 saltusque,
521 1131 554 1184 et
570 1130 665 1209 capta
684 1131 830 1184 armenta
847 1117 1004 1209 reposcit,

81 1240 153 1304 Jam
171 1235 268 1328 pede,
282 1237 351 1328 jam
370 1259 471 1303 cornu
493 1232 628 1319 melior,
649 1249 745 1326 pavet
764 1236 832 1327 ipse
846 1258 1012 1302 reversum

81 1356 205 1441 Victor,
226 1368 259 1422 et
274 1355 404 1422 attoniti
423 1354 477 1419 vix
495 1376 657 1446 agnovere
674 1353 829 1446 magistri.

81 1473 158 1541 Non
173 1469 251 1540 alias
271 1473 368 1539 tacita
385 1471 514 1562 juvenis
534 1471 748 1539 Theumesius
767 1471 831 1537 iras

79 1592 194 1659 Mente
211 1591 317 1674 acuit;
335 1588 392 1657 sed
406 1588 472 1657 lida
494 1590 578 1674 vias,
596 1613 779 1681 arcanaque
794 1591 914 1682 conjux

81 1712 241 1776 Senserat.
258 1711 369 1798 thue
391 1707 470 1774 toris
488 1708 595 1799 primo
612 1705 779 1799 complexa
797 1707 926 1799 jacebat

80 1828 215 1895 Aurorae
231 1823 355 1916 pallore
371 1825 498 1905 virum,
518 1826 634 1911 «Quos
651 1822 766 1892 callide
784 1839 908 1910 motus,

82 1944 233 2030 Quamve
250 1940 362 2033 lugam
379 1937 526 2007 moliris?
546 1940 607 2027 ait,
625 1939 671 2007 nil
691 1942 805 2008 transit
822 1955 978 2010 amantes.

85 2061 213 2146 Sentio,
232 2054 405 2151 pervigiles
424 2071 546 2124 acuunt
564 2058 702 2149 suspiria
719 2072 870 2148 questus,

84 2182 262 2274 Nunquam
279 2201 312 2247 ru
329 2200 409 2273 pace
424 2200 548 2273 sopor:
569 2182 694 2272 quoties
713 2177 781 2250 haec
798 2206 856 2250 ora
872 2194 986 2251 natare

80 2297 240 2386 Fletibus,
261 2313 295 2367 et
310 2324 445 2394 magnas
463 2298 615 2368 latrantia
633 2314 766 2393 pectora
785 2326 879 2370 curas

81 2419 224 2490 Admota
241 2417 410 2512 deprendo
428 2417 547 2487 manu!
567 2418 612 2487 nil
632 2419 753 2489 foedere
770 2435 884 2513 rupto,

82 2538 304 2608 Connuhiisve
320 2560 419 2630 super
439 2562 584 2623 moveor,
602 2538 765 2632 viduaque
780 2539 934 2630 juventa3

83 2657 169 2749 (Etsi
187 2655 309 2724 crudus
323 2680 430 2741 amor,
448 2681 510 2724 nec
528 2655 607 2724 dum
623 2670 697 2749 post
713 2656 862 2723 llammea
884 2659 943 2723 toti

81 2776 259 2867 Intepuere
276 2774 384 2870 tori);
403 2788 459 2843 tua
479 2800 546 2861 me,
563 2774 747 2867 properabo
762 2773 874 2856 fateri,

81 2894 183 2988 Angit
203 2909 311 2963 amata
326 2892 413 2962 salus
429 2909 533 2961 :tune
554 2893 782 2977 incomitatus,
799 2893 932 2960 inermis

81 3015 197 3104 Regna
213 3010 325 3105 petes?
343 3013 533 3105 poterisque
549 3012 613 3078 tuis
631 3007 790 3078 decedere
806 3011 942 3094 Thebis,

83 3130 118 3199 Si
135 3130 252 3223 neget?
267 3145 366 3224 atque
383 3129 475 3198 illum
491 3127 593 3197 solers
610 3127 813 3220 deprendere
834 3152 962 3221 semper

83 3252 181 3317 Fama
198 3248 312 3338 duces,
333 3248 496 3319 tumidum
515 3261 644 3333 narrat,
664 3260 823 3339 raptoque
844 3246 1038 3340 superbum,

81 3366 323 3460 Difficilemque
344 3369 404 3436 tibi
422 3397 430 3436 :
449 3367 591 3436 necdum
606 3379 855 3457 consumpserat
871 3390 1005 3435 aunum.

81 3489 137 3555 Me
154 3509 286 3579 quoque
308 3511 396 3565 nunc
410 3501 516 3574 vates,
538 3507 626 3554 nunc
643 3496 716 3551 exta
734 3483 892 3551 minantia
913 3486 1029 3572 Divos,

80 3608 150 3675 Aut
167 3607 276 3673 avium
296 3603 421 3699 lapsus,
438 3622 495 3675 aut
510 3604 642 3674 turbida
657 3605 762 3672 noctis
781 3603 890 3695 imago

80 3726 223 3792 Territat
239 3750 246 3790 :
260 3725 319 3811 ah,
334 3724 485 3810 memini,
500 3748 667 3817 nunquam
683 3723 764 3789 mihi
777 3719 856 3790 falsa
872 3744 932 3814 per
944 3723 1077 3792 umbras

78 3844 168 3911 Juuo
188 3844 279 3910 venit
294 3868 301 3909 :
319 3865 385 3934 quo
402 3839 507 3908 tendis
524 3841 607 3910 iter?
626 3843 660 3908 ni
677 3830 827 3909 conscius
844 3837 943 3907 ardor

79 3961 200 4047 Ducit,
221 3975 255 4029 et
275 3960 317 4029 ad
334 3958 464 4027 Thebas
488 3959 604 4028 melior
623 3983 752 4027 socer.»
773 3959 835 4025 Hic
853 3957 953 4026 breve
971 3956 1100 4026 tandem
