2812 5258
89 387 204 450 (affl.)
401 388 611 447 renuamus
634 389 743 447 urana
767 389 801 443 x.
1079 410 1132 464 mn

89 511 332 607 Dedignantem
347 528 439 589 anus
458 514 602 608 pridem,
623 528 840 607 moestamque
862 517 964 583 teneri

88 635 234 729 Arripit,
255 648 354 728 atque
368 659 438 709 uno
452 638 625 729 quaesitam
641 633 780 705 vulnere
794 636 930 729 rumpit.

89 757 258 849 Sanguine
274 770 354 824 tunc
371 758 498 849 spargit
511 771 637 841 turres,
654 771 687 825 et
701 756 824 829 moenia
838 754 977 842 lustrat,

88 877 196 969 Seque
211 892 317 971 super·
327 875 452 947 medias
466 880 571 963 acies,
589 877 739 948 nondum
752 902 832 947 ense
846 879 999 963 remisso,

88 998 187 1082 Jecit,
205 1012 238 1065 et
256 997 291 1066 in
309 1023 413 1068 savos
426 997 544 1069 cadere
560 1013 608 1068 eat
626 1014 764 1069 conatus
778 1000 932 1070 Achivos.

89 1120 149 1186 Ast
166 1116 261 1187 illum
280 1118 438 1212 amplexae
458 1122 567 1189 Pietas
584 1122 786 1213 Virtusque,
806 1119 956 1190 ferebant

88 1240 226 1308 Leniter
245 1239 288 1308 ad
306 1256 412 1310 terras
429 1263 550 1336 corpus
568 1267 576 1310 ε
594 1242 662 1334 jam
680 1242 816 1335 spiritus
837 1239 917 1312 olim

84 1365 177 1435 Ante
192 1366 329 1449 Jovem,
349 1378 383 1432 et
400 1363 539 1432 summis
554 1365 682 1459 apicem
700 1364 762 1435 sihi
782 1365 888 1459 poscit
903 1366 938 1432 in
953 1366 1060 1433 astris.
1150 1432 1171 1463 3,

138 1488 279 1577 Jamque
298 1485 387 1554 intra
404 1510 518 1555 muros
535 1483 629 1557 nulio
645 1486 767 1563 sudore
784 1499 955 1579 receptum

90 1605 285 1676 Gaudentes
301 1606 404 1676 beroa
421 1607 535 1677 ferunt
552 1634 560 1677 :
582 1608 783 1681 abscesserat
798 1606 888 1677 ultro

89 1725 302 1799 Tantalidum
319 1744 477 1799 venerata
497 1729 642 1800 cohors:
664 1730 754 1800 subit
769 1730 904 1825 agmine
923 1728 1025 1825 longo

90 1848 186 1920 Cotta
203 1852 290 1920 inter
304 1852 486 1944 juvenum,
503 1850 649 1946 latisque
663 1851 832 1921 favoribus
848 1852 940 1920 omni

89 1972 289 2041 Concinitur
308 1969 425 2065 vulgo,
444 1971 611 2042 Cadmum
632 1987 733 2066 atque
752 1973 944 2067 Amphiona
962 1995 1062 2063 supra

90 2089 279 2160 Conditor:
297 2092 333 2160 hi
350 2093 459 2179 sertis,
481 2093 516 2162 hi
536 2095 622 2162 veris
644 2093 772 2163 bonore
790 2090 899 2162 soluto

89 2213 312 2282 Accumulant
331 2228 441 2302 artus,
462 2216 636 2309 patriaque
656 2217 691 2283 in
709 2215 787 2284 sede
808 2229 976 2310 reponunt

88 2337 222 2429 Corpus
241 2334 439 2404 adoratum:
458 2351 616 2430 repetunt
631 2361 709 2406 mox
725 2334 812 2406 bella
833 2336 973 2430 peractis

89 2455 259 2525 Laudibus
277 2483 284 2523 ε
307 2457 361 2525 hic
378 2457 466 2526 victa
480 2457 613 2552 genitor
634 2456 855 2552 lacrymabilis
872 2458 919 2527 ira

90 2579 280 2673 Congemit‚
297 2592 330 2646 et
346 2576 480 2645 tandem
496 2579 597 2646 matri
615 2577 692 2648 data
711 2578 791 2648 flere
808 2594 954 2673 potestas
972 2605 979 2647 :

140 2730 155 2763 a
173 2697 405 2791 Lustpalemne
425 2697 504 2768 teris
521 2722 583 2791 ego
601 2712 651 2786 te,
672 2725 757 2792 puer
773 2698 914 2790 inclyte,
930 2697 1074 2783 Thebis,

89 2824 325 2914 Devotumque
345 2834 466 2914 caput,
485 2816 561 2887 vilis
576 2842 638 2887 ceu
657 2832 763 2886 mater
782 2815 938 2886 alebam?

89 2941 191 3031 Quod
210 2939 326 3011 molita
343 2939 460 3010 nefas?
479 2940 533 3009 cui
552 2953 683 3008 tantum
703 2938 809 3006 invisa
829 2937 1002 3007 Deorum?

89 3065 168 3133 Nou
185 3087 248 3158 ego
264 3062 476 3131 monstrifero
487 3061 579 3130 coitu
596 3057 745 3129 revoluta
767 3058 880 3127 notavi

88 3185 250 3278 Pignora,
270 3207 333 3251 nec
349 3196 428 3250 nato
446 3182 561 3276 peperi
579 3179 711 3249 funesta
729 3193 878 3273 nepotes.

88 3303 180 3393 Quid
199 3303 325 3374 referti>
345 3303 446 3373 habet
465 3327 541 3372 ecce
560 3326 639 3371 suos
658 3302 804 3388 locusta,
823 3301 990 3394 ducesque

88 3430 345 3521 Regnautesque
361 3424 472 3494 videt:
492 3450 552 3493 nos
569 3448 655 3494 saeva
675 3420 806 3518 piacula
826 3420 913 3491 bello

89 3550 232 3634 Demus,
250 3564 288 3616 ut
301 3548 456 3637 alternis,
473 3546 581 3643 placet
600 3548 664 3616 boc
681 3545 743 3616 tibi
763 3544 911 3616 fulminis
928 3561 1061 3629 auctor,

89 3666 330 3761 OEdipodiouii
349 3684 482 3739 mutent
501 3667 689 3738 diademata
712 3667 839 3738 fratres.

89 3788 182 3876 Quid
199 3790 365 3881 Superos,
385 3791 579 3860 hominesve
597 3789 746 3884 queror?
770 3805 823 3878 tu,
841 3766 925 3858 saeve
943 3791 1135 3869 Menoeceu,

87 3913 140 3978 Tu
155 3910 398 3979 miseramente
415 3934 531 3979 omnes
547 3911 734 4006 properasti
750 3911 961 4005 exstinguere
980 3923 1132 3977 matrem.

91 4030 191 4101 Unde
210 4031 266 4100 hic
285 4031 402 4099 mortis
420 4031 534 4101 amor?
555 4055 631 4125 quae
646 4054 741 4101 sacre
759 4031 889 4099 insania
907 4027 1039 4096 menti?
