2812 5258
343 391 399 428 100
660 371 870 427 Tunuttnos
893 372 1005 428 LIBER
1020 373 1083 429 vn.
1274 375 1304 434 (t-
1318 373 1387 421 mi

341 496 516 594 Naubolus
535 494 746 589 Hippasides,
766 510 861 582 tuus,
884 520 905 564 o
924 498 1096 564 mitissime
1114 500 1193 581 Lai,

341 619 489 710 llospes3
509 615 617 684 adhuc
635 639 771 702 currus,
788 640 972 709 securaque
993 615 1066 685 lora
1084 618 1237 703 tenebat,
1257 668 1261 673 «

342 739 459 824 Quum
480 752 537 804 tua
558 718 672 804 subter
688 760 792 829 equos
811 736 919 827 jacuit
935 736 1094 811 convulsa
1117 738 1262 805 cruentis

342 856 483 940 lctibus,
504 835 524 923 o
543 857 669 924 utinam
691 871 805 924 nostro
823 881 899 923 cum
916 858 1095 950 sanguine,
1113 853 1237 925 cervix!
1252 887 1268 920 n

390 977 539 1047 Dicentis
559 975 715 1044 maduere
735 1001 841 1070 genre,
863 974 1060 1070 vultumque
1081 1000 1291 1070 peromnem

342 1095 456 1165 Pallor
475 1098 529 1183 iit,
551 1098 708 1190 vocisque
726 1121 844 1192 repens
866 1097 1031 1192 singultus
1049 1111 1200 1190 apertum

342 1218 523 1310 Intercepit
544 1219 608 1285 iter
625 1244 632 1286 :
649 1216 776 1286 refovet
795 1217 947 1313 frigentis
963 1219 1107 1288 amicum

342 1342 461 1407 Pectus
481 1337 616 1407 alumna
636 1340 747 1407 senis:
769 1338 877 1428 redit,
898 1355 998 1433 atque
1015 1338 1099 1408 exile
1119 1338 1296 1433 profatur:

334 1487 337 1519 t
392 1462 451 1527 «O
469 1459 551 1526 mihi
569 1456 747 1528 sollicitum
765 1458 864 1529 decus
881 1485 919 1527 ac
935 1484 1087 1552 suprema
1108 1457 1279 1552 voluptas,

343 1575 525 1673 Antigone!
547 1603 635 1648 seras
655 1554 716 1647 tibi
735 1578 892 1647 demoror
908 1581 1079 1673 improbus
1099 1580 1252 1665 umbras,

344 1705 425 1768 Fors
441 1697 556 1768 eadem
574 1697 698 1770 scelera
715 1715 748 1768 et
766 1698 871 1767 cades
891 1701 1022 1768 visurus
1043 1701 1156 1784 avitas.

343 1825 459 1891 Donec
480 1836 512 1890 te
531 1820 684 1890 thalamis
703 1819 865 1905 habilem,
888 1821 1120 1916 integramque
1140 1823 1322 1915 resignem,

343 1947 417 2013 Hoc
439 1946 536 2030 satis,
553 1959 585 2012 et
607 1944 729 2012 fessum
748 1945 814 2011 vita
833 1941 1009 2028 dimittite,
1028 1946 1148 2012 Pareae.

396 2065 491 2135 «Sed
510 2065 589 2134 dum
610 2063 704 2133 labor
722 2066 825 2149 iners,
843 2066 957 2159 quanti
970 2090 1068 2147 ,nunc
1084 2090 1161 2134 ecce
1177 2067 1284 2145 reviso

345 2187 562 2256 Transabiere
578 2185 689 2255 duces.
711 2185 868 2254 Clonium
889 2168 987 2278 atque
1006 2188 1039 2253 in
1062 2199 1153 2278 terga
1169 2200 1338 2253 comantes

345 2308 423 2375 Non
444 2329 507 2399 ego
524 2302 744 2389 Abantiadas,
763 2329 831 2373 non
848 2318 898 2388 te,
917 2329 1032 2373 saxosa
1050 2286 1211 2396 Caryste,

345 2429 422 2495 Non
444 2421 585 2493 humiles
602 2425 719 2516 AEgas,
741 2421 912 2514 altumque
928 2424 1102 2517 Capherea
1119 2421 1199 2490 dixi.

348 2550 389 2614 Et
402 2547 471 2639 jam
491 2545 578 2612 acies
597 2542 716 2611 obtusa
737 2519 853 2637 negat,
874 2546 1051 2636 cunctique
1071 2544 1229 2612 resistunt

344 2670 388 2735 Et
407 2680 482 2735 tuus
501 2665 635 2734 armatis
650 2663 746 2757 jubet
761 2687 837 2753 ecco
854 2662 985 2733 silentia
1001 2664 1112 2746 frater
1123 2695 1139 2729 »

394 2773 459 2856 Vix
477 2771 517 2854 ea
534 2800 627 2854 turre
646 2809 884 2884 senex,quum
901 2784 1020 2853 ductor
1036 2785 1079 2852 ab
1097 2810 1216 2881 aggere
1235 2786 1351 2878 coepit:

346 2939 362 2973 a
375 2889 708 3003 Magnanimireges,
729 2907 849 3001 quibus
865 2905 953 2975 haud
972 2930 1087 2999 parere
1106 2931 1252 2974 recusem

344 3033 486 3113 Ductor,
507 3041 540 3094 et
558 3028 627 3119 ipse
647 3051 737 3094 nieas
758 3025 850 3115 miles
871 3025 1047 3111 defendere
1067 3027 1222 3112 Thebas,

345 3151 425 3218 Non
442 3170 504 3242 ego
523 3171 581 3214 vos
599 3145 768 3215 stimulare
786 3170 897 3239 parem
913 3145 1003 3242 (nam
1024 3145 1108 3214 liber
1125 3148 1159 3214 in
1179 3171 1269 3214 arma

348 3271 512 3361 impetus,
532 3243 716 3348 etmeritas
731 3265 820 3348 ultro
839 3268 972 3360 jurastis
992 3269 1026 3336 in
1046 3267 1152 3362 iras),

344 3390 415 3457 Nec
430 3370 577 3455 laudare·
589 3365 685 3473 satis,
706 3386 889 3481 dignasque
909 3388 1090 3482 rependere
1108 3402 1216 3482 grates

347 3508 541 3576 Sufficiam:
558 3505 703 3575 referent
720 3509 859 3600 Superi,
878 3509 1213 3602 vestraequeysubacto

344 3632 447 3697 Hoste
465 3651 584 3695 manus
600 3652 608 3694 :
624 3605 740 3708 urbem
761 3630 849 3696 socia
866 3627 906 3696 de
925 3643 1021 3723 gente
1037 3630 1170 3716 subistis

343 3750 476 3835 Tutari,
494 3772 595 3840 quam
615 3771 685 3816 non
706 3745 975 3842 aliispopulator
993 3751 1035 3817 ab
1054 3753 1121 3819 oris

346 3867 506 3961 Belliger,
525 3882 702 3935 externave
720 3848 813 3936 satus
831 3867 963 3958 tellure,
980 3871 1036 3938 sed
1053 3872 1155 3941 hostis

346 3987 507 4082 Indigena
527 3988 682 4076 assultat,
700 3992 753 4057 cui
774 4005 880 4058 castra
897 3991 1037 4061 adversa
1054 3995 1181 4088 regenti
