2812 5258
70 475 185 539 aas)
372 473 583 529 massanos
604 473 714 527 urana
733 473 786 527 rx.
1054 469 1108 526 165

69 604 220 670 Venator
239 598 391 692 raptabat
407 623 526 691 equus,
547 622 644 690 quem
666 594 810 665 discolor
826 596 929 666 ambit

70 721 197 816 Tigris,
216 735 249 788 et
268 720 390 787 auratis
410 718 605 788 adverberat
626 719 795 815 unguibus
814 741 936 788 armos.

71 839 166 911 Colla
184 838 314 926 sedent,
329 838 426 908 nodis
445 854 479 908 et
497 841 654 934 castigata
669 839 826 932 jubarum

71 961 244 1046 Libertas,
263 960 472 1052 nemorisque
488 973 574 1027 notae
593 958 654 1028 sub
671 971 804 1053 pectore
824 958 933 1051 primo

72 1083 260 1162 lactantur,
282 1081 379 1147 niveo
400 1077 515 1147 lunata
531 1076 669 1147 monilia
689 1076 796 1146 dente.

72 1203 147 1295 lpse
166 1200 216 1267 bis
234 1197 377 1268 OEbalio
397 1213 577 1267 saturatam
594 1199 719 1266 murice
734 1195 872 1291 pallam,

74 1324 305 1411 Lucentesque
323 1342 406 1386 auro
423 1319 569 1405 tunicas,
587 1319 652 1386 hoc
670 1331 807 1386 neverat
823 1341 928 1385 unum

73 1443 183 1509 Mater
201 1463 306 1531 opus,
324 1439 415 1507 tenui
436 1435 592 1507 collectus
610 1437 716 1507 inilia
735 1435 864 1525 vinclo,

74 1557 274 1652 Cornipedis
294 1555 376 1626 lavo
394 1556 547 1651 elypeum
569 1558 745 1627 demiserat
761 1582 872 1644 armo,

75 1684 163 1749 Ense
184 1679 292 1772 gravis
308 1678 412 1747 nimio
430 1703 438 1745 :
457 1679 550 1746 tereti
566 1679 662 1771 jurat
680 1702 780 1747 aurea
798 1701 912 1746 morsu

75 1797 192 1868 Fibula
217 1800 396 1895 pendentes
421 1800 546 1867 circum
569 1796 672 1867 latera
690 1822 806 1893 aspera
823 1799 969 1884 cinctus3
1001 1859 1003 1862 Α

75 1923 280 2014 Vaginaeque
297 1944 435 2000 sonum,
453 1917 696 2010 tremulumque
711 1917 826 1987 audire
844 1919 1006 2012 pharetrae

76 2043 246 2125 Murmur,
267 2053 300 2106 et
319 2062 440 2106 acono
460 2040 576 2106 missas
593 2039 627 2105 in
646 2052 739 2132 terga
757 2053 905 2126 catenas,

77 2159 252 2230 Interdum
271 2160 386 2228 cristas
401 2155 515 2226 hilaris
530 2159 659 2251 jactare
672 2174 861 2246 comantes,

78 2286 122 2352 Et
137 2282 264 2376 pictum
283 2282 421 2376 gemmis
439 2278 540 2373 galeae
554 2279 655 2371 jubar
673 2295 749 2350 :ast
767 2279 825 2347 ubi
843 2303 956 2374 pugna

82 2404 189 2474 Cassis
208 2400 327 2471 anhela
344 2398 445 2487 calet,
465 2397 613 2469 resoluto
630 2402 753 2470 vertice
774 2400 882 2470 nudus

80 2525 264 2595 Exoritur:
284 2538 364 2591 tunc
382 2519 479 2590 dolce
496 2545 618 2608 comae,
637 2521 805 2616 radiisque
821 2522 980 2590 micantes

80 2644 187 2716 Dulce
206 2645 314 2713 nitent
330 2643 438 2727 visus,
453 2655 502 2728 et,
519 2666 601 2733 quas
619 2640 709 2710 dolet
727 2643 796 2735 ipse
813 2642 957 2727 morari,

82 2763 240 2835 Nondum
258 2776 393 2831 mutatae
412 2784 506 2829 rosea
523 2758 680 2854 lanugine
697 2758 800 2828 malae.

83 2887 154 2954 Nec
172 2884 285 2952 sormae
303 2882 365 2951 sibi
382 2880 480 2951 laude
499 2878 625 2974 placet,
647 2877 855 2971 multumque
876 2880 998 2947 severis

84 3009 223 3098 Asperat
240 3026 300 3071 ora
317 3003 414 3070 minis
432 2998 514 3069 :sed
532 2998 650 3068 frontis
669 3014 779 3068 servat
795 3001 958 3068 honorem
1062 3054 1068 3067 .

82 3126 138 3194 Ira
155 3123 272 3192 decens
288 3147 295 3188 :
314 3120 372 3189 dat
389 3136 506 3214 sponte
523 3118 634 3189 locum
651 3119 811 3188 Thebana
825 3120 1000 3213 juventus,

84 3246 248 3313 Natorum
269 3264 447 3326 memores,
467 3242 657 3333 intentaque
675 3237 739 3308 tela
758 3254 974 3334 retorquent:

85 3364 149 3434 Sed
167 3365 303 3458 premit,
322 3377 356 3431 et
375 3385 475 3431 saevas
491 3361 724 3430 miserantibus
744 3362 864 3457 ingerit
881 3362 1002 3432 hastas.

84 3482 185 3553 Illum
203 3499 236 3551 et
253 3483 397 3552 Sidoniae
411 3482 491 3576 juga
512 3506 571 3575 per
589 3481 786 3551 Theumesia
802 3481 956 3577 nymphae

86 3599 289 3690 Bellantem,
308 3618 407 3697 atque
427 3603 500 3697 ipso
519 3598 640 3670 sudore
660 3617 693 3670 et
713 3601 849 3696 pulvere
868 3615 998 3698 gratnm

86 3720 260 3810 Laudant,
281 3737 313 3792 et
333 3725 433 3792 tacito
452 3723 579 3792 ducunt
596 3722 737 3817 suspiria
757 3737 846 3792 voto.

136 3840 230 3910 Talia
247 3843 394 3910 cernenti
409 3843 498 3910 mitis
517 3841 606 3910 subit
623 3839 690 3911 alta
707 3843 825 3912 Diam

90 3959 201 4034 Corda
221 3960 328 4050 dolor,
348 3960 493 4054 fletuque
512 3961 771 4057 genas‘violata,
792 3963 937 4053 «Quod,
956 3966 1081 4062 inquit,

90 4082 188 4154 Nunc
208 4081 287 4172 tibi,
304 4079 395 4177 quod
414 4080 468 4152 leti
488 4106 634 4177 queram
654 4086 726 4152 Dea
743 4080 809 4151 fida
828 4083 1009 4178 propinqui
