2812 5258
320 468 376 525 230
617 444 829 528 mimos
851 468 960 525 um
979 470 1029 524 m,
1244 478 1269 513 v.
1281 465 1356 512 sss.»

319 593 420 686 Signa
435 592 531 680 dare,
548 608 605 662 aut
626 610 728 687 ponto
745 597 882 663 miseros
902 589 1069 661 involvere
1083 603 1210 658 nautas

366 716 503 805 Jamque
520 738 686 782 remensus
703 716 765 781 iter
781 715 865 781 fesso
881 713 1027 781 Danaeia
1042 709 1171 803 Tydeus

319 836 406 902 Arva
422 832 541 925 gradu,
558 832 735 924 viridisque
755 831 834 925 legit
853 816 974 899 deveia
991 833 1200 921 Prosymnae,

320 948 490 1018 Terribilis
508 952 579 1019 visu
596 976 604 1017 :
622 965 711 1018 stant
727 949 802 1019 fulti
818 949 953 1044 pulvere
970 949 1097 1016 crines:

320 1069 496 1162 Squalidus
515 1095 555 1137 ex
569 1071 716 1138 humeris
733 1070 821 1138 cadit
840 1068 905 1137 alta
922 1071 956 1136 in
975 1067 1112 1136 vulnera
1130 1066 1251 1135 sudor:

321 1191 557 1282 insomnesque
568 1187 681 1259 oculos
701 1190 804 1258 rubor
820 1191 955 1276 excitat,
973 1211 1098 1280 oraque
1116 1200 1206 1255 retro

321 1309 440 1376 Sorbet
456 1309 575 1379 anhela
594 1312 689 1378 sitis:
707 1334 799 1377 mens
816 1308 920 1377 altum
940 1309 1042 1401 spirat
1062 1308 1224 1376 honorem

321 1431 461 1497 Conscia
475 1430 639 1498 factorum
657 1456 665 1497 :
682 1432 729 1498 sic
750 1443 828 1498 nota
845 1431 880 1497 in
898 1453 1021 1522 pascua
1035 1442 1148 1496 taurus

320 1546 467 1617 Bellator
485 1548 590 1633 redit,
611 1549 749 1617 adverso
765 1551 818 1617 cui
840 1546 946 1633 colia,
965 1570 1092 1640 suoque

323 1666 507 1759 Sanguine,
523 1667 757 1759 proscissisque
777 1680 892 1735 natant
909 1666 1096 1760 paiearibus
1112 1666 1207 1733 arani.

321 1786 416 1851 Tunc
435 1808 566 1876 quoque
582 1783 667 1853 lassa
681 1799 788 1853 tumet
804 1787 924 1872 virtus,
942 1784 1149 1877 multumque
1168 1782 1324 1878 superbit

321 1906 460 1972 Pectore
479 1903 633 1998 despecto
650 1931 658 1972 τ
675 1930 779 1974 vacua
797 1907 885 1998 jacet
904 1905 1006 1973 hostis
1025 1928 1124 1973 arena

323 2025 435 2114 Turpe
454 2047 601 2116 gemens,
621 2024 808 2118 crudosque
829 2039 916 2093 vetat
937 2028 1058 2093 sentire
1073 2021 1216 2093 dolores

372 2139 459 2209 Talis
479 2159 574 2212 erat:
594 2143 718 2212 medias
731 2147 831 2213 etiam
848 2169 917 2213 non
933 2143 1058 2212 destitit
1078 2144 1194 2228 urbes,

324 2260 497 2352 Quidquid
516 2278 550 2330 et
570 2266 703 2356 Asopon
722 2278 915 2356 veteresque
932 2264 1103 2355 interjacet
1121 2265 1250 2357 Argos,

325 2378 532 2447 Inflammare
546 2381 651 2465 odiis;
669 2381 879 2475 multumque
896 2395 929 2450 et
947 2383 1069 2475 ubique
1084 2396 1237 2453 retexens

325 2499 485 2590 Legatum
501 2523 569 2567 sese
586 2501 688 2568 Graia
707 2499 748 2568 de
766 2516 865 2594 gente
881 2502 1031 2595 petendis

325 2619 392 2685 Isse
414 2642 512 2711 super
530 2619 638 2712 regnis
655 2619 786 2714 profugi
805 2619 988 2713 Polynicis,
1007 2620 1137 2690 atinde

324 2738 418 2822 Vim,
435 2752 581 2825 noctem,
604 2737 728 2825 scelus,
747 2763 856 2825 arma,
877 2739 986 2824 dolos,
1003 2765 1041 2808 ea
1059 2740 1185 2811 foedera
1200 2764 1328 2836 passum

324 2857 425 2949 Regis
442 2858 613 2946 Echionii3
632 2858 726 2927 fratri
745 2884 804 2927 sua
819 2860 895 2952 jura
914 2862 1036 2954 negari.

325 2978 435 3043 Prona
452 2977 532 3045 fides
554 2977 695 3072 populis.
716 2983 806 3048 Deus
825 2983 936 3049 omnia
957 2981 1089 3049 credere
1107 2980 1226 3051 suadet

325 3098 551 3190 Armipotens,
570 3101 778 3191 geminatque
797 3115 949 3194 acceptos
968 3099 1054 3168 fama
1072 3124 1221 3193 pavores.

375 3220 486 3308 thue
504 3219 724 3311 introgressus
741 3234 854 3310 portas
873 3219 924 3313 (et
943 3220 1028 3288 forte
1047 3219 1209 3289 verendos

327 3333 478 3401 Concilio
493 3350 586 3426 pater
601 3338 670 3430 ipse
689 3338 789 3405 duces
806 3338 946 3431 cogebat
967 3338 1140 3432 Adrastus)

326 3453 527 3543 Improvisus
545 3454 654 3540 adest,
672 3458 741 3547 jam
762 3455 851 3524 illinc
868 3480 886 3523 a
903 3457 1050 3548 postibus
1070 3456 1171 3545 auiae,
1252 3476 1255 3481 '

326 3570 517 3638 vociferans
535 3597 543 3637 :
561 3575 701 3657 «Arma,
720 3598 811 3642 arma
828 3576 908 3658 viri,
930 3590 1032 3668 tuque
1049 3578 1175 3670 optime
1191 3580 1312 3647 wne

325 3691 464 3774 Ductor,
485 3691 731 3782 magnanimum
750 3692 777 3757 si
797 3693 870 3783 quis
892 3693 950 3760 tibi
968 3698 1100 3791 sanguis
1118 3720 1280 3780 avorum,

326 3812 426 3879 Arma
441 3806 570 3901 paral...
588 3811 761 3902 Nusquam
777 3811 897 3903 pietas,
916 3839 983 3882 non
1001 3817 1155 3910 gentibus
1173 3840 1312 3910 aequum

315 3914 402 4013 ¹Fas,
422 3941 481 3995 aut
498 3952 577 3997 cura
592 3929 705 3997 Jovis:
722 3928 838 3998 melius
853 3930 978 4028 legatus
996 3935 1136 4003 adissem

326 4048 535 4118 Sauromatas
550 4047 684 4135 avidos,
702 4065 967 4146 servatoremque
983 4068 1158 4123 cruentum
