2812 5258
78 432 192 495 (ιω.)
396 429 606 486 THEBAIDOS
626 429 734 483 LIBER
755 431 789 482 V.

78 560 228 625 Tantane
246 579 298 623 me
317 569 416 623 tantae
435 567 573 622 tenuere
591 552 711 622 oblivia
735 554 843 622 curoe?

77 680 166 746 Dum
184 677 309 768 patrios
328 699 442 763 casus,
461 672 620 766 lamaeque
639 699 754 743 exorsa
772 689 916 744 retracto

75 796 260 867 Ambitiosa
277 819 372 882 meae,
390 797 496 888 pietas
515 794 584 862 haec
603 818 738 889 magna,
758 794 921 889 fidesque!

76 914 207 986 Exsolvi
231 915 309 999 tibi,
328 918 471 1002 lemae,
493 914 584 984 nefas
604 942 611 982 :
631 915 686 983 ubi
708 913 816 984 letifer
834 918 971 1010 anguis,

76 1039 190 1123 Ferte,
212 1035 329 1119 duces3
351 1037 461 1104 meriti
482 1038 508 1104 si
527 1049 659 1129 quaest
679 1035 759 1104 mihi
780 1030 883 1129 gratia
903 1035 996 1123 duri,

77 1160 112 1227 Si
131 1159 206 1250 quis
227 1158 333 1227 honos
352 1157 448 1226 dictis
466 1183 474 1224 ε
493 1173 551 1225 aut
569 1182 628 1226 vos
648 1158 848 1250 exstinguite
866 1157 970 1242 ferro,

76 1280 129 1348 Ne
149 1280 257 1346 tristes
277 1278 450 1359 dominos,
473 1276 654 1369 orbamque
676 1277 808 1344 inimica
828 1279 966 1347 revisam

77 1399 265 1493 Eurydicen
285 1425 293 1466 :
312 1421 504 1492 quanquam
523 1397 611 1465 haud
631 1395 679 1466 illi
699 1421 773 1465 mea
793 1422 873 1466 cura
892 1397 1035 1469 dolendo

77 1522 231 1591 Cesserit.
248 1522 365 1588 Hocne
383 1517 490 1587 ferens
506 1543 591 1586 onus
611 1517 775 1587 illaetabile
794 1521 908 1587 matris

77 1637 322 1709 'l'ransfuntlam
339 1638 484 1734 gremio?
500 1664 573 1731 quae
591 1663 645 1707 me
661 1640 752 1732 prius
771 1641 836 1708 ima
855 1639 916 1708 sub
935 1640 1069 1709 umbras

77 1766 207 1855 Mergat
223 1759 364 1829 humus?
374 1788 391 1823 r
403 1758 509 1828 Simul
519 1760 588 1828 haec
601 1775 756 1853 terraque
767 1775 801 1827 et
812 1761 973 1853 sanguine
987 1758 1115 1829 vultum

78 1881 219 1951 Sordida
236 1906 434 1975 magnorum
450 1882 537 1949 circa
554 1881 692 1976 vestigia
708 1906 824 1976 regum

77 2003 247 2084 Vertitur,
265 2016 297 2070 et
316 2003 413 2070 tacite
431 2001 646 2069 moerentibus
664 2002 805 2094 imputat
823 2000 939 2069 undas.

128 2127 170 2192 Et
185 2124 253 2215 jam
275 2121 412 2191 sacrifici
432 2121 562 2190 subitus
582 2146 641 2215 per
660 2135 746 2189 tecta
764 2123 908 2216 Lycurgi

76 2245 224 2312 Nuntius
242 2240 397 2335 implerat
416 2240 568 2335 lacrymis
588 2243 762 2336 ipsumque
779 2241 994 2334 domumque,

76 2363 188 2456 Ipsum
210 2361 445 2430 adventantem
467 2362 575 2430 Persei
598 2362 722 2430 vertice
740 2376 855 2430 sancto

75 2482 218 2568 Montis,
236 2481 292 2549 ubi
311 2481 449 2549 adverso
468 2480 604 2550 dederat
621 2495 775 2577 prosecta
792 2482 955 2565 Tonanti,

77 2606 117 2672 Et
136 2616 236 2694 caput
255 2604 348 2671 iratis
368 2600 500 2670 rediens
518 2601 695 2694 quassabat
714 2601 756 2669 ab
777 2605 872 2670 extis.

79 2723 137 2790 llic
154 2747 224 2791 sese
245 2721 406 2817 Argolicis
427 2724 610 2791 immunem
630 2736 740 2790 servat
759 2723 800 2790 ab
821 2724 922 2791 armis

77 2841 174 2910 Haud
194 2843 297 2911 animi
318 2866 457 2928 vacuus,
479 2839 536 2909 sed
555 2838 679 2936 templa
699 2862 836 2932 araeque
849 2841 1018 2911 tenebant

16 2943 24 2959 ⁵
76 2963 146 3031 Nec
165 2961 245 3031 duni
263 2964 362 3032 etiam
379 2986 538 3055 responsa
555 2964 683 3046 Deum,
701 2962 913 3054 monitusque
932 2964 1054 3032 vetusti

76 3082 293 3170 Exciderant,
311 3108 442 3178 voxque
458 3107 501 3152 ex
520 3082 628 3175 adytis
646 3088 780 3173 accepta
798 3082 992 3175 profundis,

33 3244 34 3247 κ
74 3205 227 3291 «Prima,
245 3208 411 3299 Lycurge,
427 3204 522 3273 dabis
539 3205 667 3273 Dircaeo
685 3202 802 3270 funera
820 3201 916 3272 bello.
930 3234 945 3265 n

19 3408 26 3421 ·
79 3323 114 3391 ld
130 3339 240 3411 cavet,
259 3338 293 3393 et
309 3338 443 3393 moestus
460 3326 558 3393 vicini
576 3321 713 3418 pulvere
730 3324 847 3392 Martis
973 3312 976 3318 ⁵

76 3446 221 3538 ringitur
237 3445 281 3513 ad
299 3444 417 3530 lituos,
437 3446 657 3538 periturisque
674 3443 800 3512 invidet
817 3446 927 3513 armis.

122 3567 206 3633 Ecce
225 3564 303 3634 fides
325 3562 507 3659 Superum!
527 3564 649 3634 laceras
671 3566 826 3634 comitata
846 3565 1008 3634 Thoantis

73 3682 219 3752 Advenit
238 3688 410 3778 exsequias
430 3711 438 3752 ε
461 3702 577 3754 contra
597 3685 686 3754 subit
704 3684 802 3753 obvia
824 3700 944 3765 mater,

21 3802 29 3814 ’
74 3803 248 3872 Femineos
266 3819 369 3874 coetus
387 3804 642 3899 plangentiaque
659 3807 791 3900 agmina
811 3805 945 3873 ducens.

73 3925 118 3991 At
137 3946 205 3991 non
225 3925 435 4016 magnanimo
455 3927 559 4019 pietas
581 3927 698 4019 ignava
720 3929 901 4019 Lycurgo:

74 4044 207 4113 Fortior
224 4041 281 4111 ille
297 4041 408 4133 malis,
428 4043 657 4138 lacrymasque
677 4045 793 4112 insana
813 4045 962 4113 resorbet

944 4167 955 4197 Ι

938 4195 969 4242 q.
