2812 5258
181 412 239 467 332
547 404 840 462 maurimontis

222 529 323 601 Stupet
336 525 436 580 obtuta
448 541 545 578 somno
558 520 593 595 (v.
616 518 692 595 194).
707 520 789 575 Mire.
804 520 863 575 Sed
876 536 973 575 omnes
986 520 1081 576 Barth.
1103 531 1134 576 et
1154 523 1225 579 alii:

176 619 268 682 jacet.
288 615 377 686 Quod
397 633 504 670 verum

224 712 313 766 Sociis
326 710 379 764 liae
395 708 433 783 (v.
455 725 506 780 ¹9⁷
521 702 584 779 sq.).
598 705 642 759 Sc.
658 715 708 758 est.
729 727 741 751 ι
750 706 864 759 Poenam
877 723 964 777 quam
976 706 1105 764 hostibus
1121 718 1222 765 tenta-

182 821 246 859 mus
262 801 379 869 inferre,
391 817 445 872 pro
462 797 608 869 sepultura
622 796 675 850 erit
693 795 837 850 exstinctis
850 797 934 852 sociis
947 799 1065 868 nostris,
1079 800 1164 874 qnasi
1173 803 1221 856 ul-

184 897 262 952 tione
280 895 419 970 gaudeant
431 892 669 964 interemptorum
682 908 806 944 manes.»
820 891 906 947 anr.

224 989 283 1041 It'ec
299 989 378 1039 deest
393 985 492 1059 eoeptis
506 981 544 1060 (v.
563 980 643 1058 236).
664 984 718 1037 ΜΒ
732 1001 759 1039 c.
775 984 857 1058 gloss.
873 993 901 1038 et
922 1001 934 1037 ι
953 985 1054 1039 Behot.
1074 1007 1082 1039 z
1101 988 1219 1052 deerat,

183 1077 264 1152 quod
277 1095 340 1132 cum
354 1075 471 1131 Barthio
488 1074 691 1148 recipiendum.

223 1170 341 1226 Comum
354 1171 441 1223 tribus
456 1169 554 1223 ordine
570 1169 639 1223 deni
652 1164 690 1241 (r.
705 1166 781 1243 251).
801 1168 929 1243 «Singuli
947 1167 1045 1222 decem
1056 1169 1158 1224 milites
1167 1189 1220 1225 as-

184 1273 308 1330 sumant3
328 1279 435 1316 summa
449 1257 483 1314 fit
496 1277 603 1315 miri.
614 1283 629 1308 n
645 1261 743 1314 Gnoss.

221 1356 360 1407 Lunam
381 1353 511 1426 quatiens
530 1363 629 1406 exerta
646 1352 783 1426 lampada
799 1352 902 1406 dextra
922 1349 961 1428 (v.
983 1350 1061 1427 283).
1081 1376 1093 1400 ι
1108 1353 1220 1408 Lunam

183 1442 320 1499 adhibens
338 1453 367 1498 et
383 1462 575 1513 commovens,
590 1454 621 1497 ut
634 1443 789 1518 fulgentior
802 1443 982 1512 enitesceret,
996 1443 1067 1500 acsi
1086 1444 1221 1518 lampada

183 1547 357 1593 concuteret
370 1537 446 1591 Male
459 1536 573 1592 scholia.
586 1558 598 1584 υ
613 1537 807 1591 Wurrirnn.
824 1537 867 1590 ad
878 1538 1006 1602 lucret,
1021 1555 1063 1604 ιν,
1081 1537 1149 1602 406.

223 1630 334 1682 Natant
354 1629 471 1683 tentonia
497 1629 562 1682 riou
579 1626 617 1702 (v.
639 1625 717 1704 299).
739 1628 840 1683 Marll.
864 1630 905 1682 ad
924 1628 1004 1698 Sila,
1022 1648 1060 1697 ιι,
1087 1649 1122 1700 r,
1155 1649 1191 1700 ¹7
1215 1652 1222 1684 :

184 1720 422 1795 «sanguineisque
439 1732 540 1774 natant
556 1730 575 1773 t.
590 1738 628 1788 r.,
644 1744 656 1769 υ
677 1721 757 1794 quod
774 1721 862 1795 magis
878 1740 912 1776 ex
932 1721 1148 1776 consuetudine.

223 1814 366 1867 Aliinenus
380 1810 419 1889 (v.
437 1808 515 1888 305).
531 1812 651 1867 Variani
663 1813 710 1867 hic
729 1814 809 1869 MSS.
824 1814 898 1869 inter
911 1815 1076 1882 Palmenus,
1093 1816 1221 1871 Parme·

182 1923 251 1970 nus,
270 1902 634 1978 Almenus,lalm1nus(ut
654 1902 740 1982 Pu),
754 1905 831 1961 unde
850 1916 926 1961 recte
939 1906 1082 1975 Heinsius,
1101 1908 1221 1963 Advers.
1265 1967 1269 1977 ,

182 2013 223 2063 rv,
238 2013 262 2049 c.
281 2006 374 2063 12,et
390 1998 518 2050 Gronov.
534 1995 691 2052 effecerunt
708 2000 872 2065 Ialmenus,
889 1998 1044 2054 boeoticum
1056 2016 1165 2055 nomen
1174 2018 1222 2073 ap.

183 2086 347 2142 Homerum.
367 2087 409 2143 Cf.
430 2108 457 2142 v.
478 2089 543 2146 510.

221 2180 375 2234 Proturbat
391 2200 503 2236 mensas
518 2179 556 2257 (v.
567 2179 644 2258 311).
660 2181 824 2239 Wakefield.
842 2186 883 2239 ad
896 2187 1003 2240 Iricret.
1012 2224 1021 2250 ,
1037 2202 1063 2253 ι,
1077 2181 1130 2250 86,
1146 2201 1187 2238 ex
1208 2204 1218 2239 ι

183 2271 281 2326 Behot
293 2291 299 2324 :
308 2273 466 2346 perturbat.

222 2363 339 2418 Ethecli
355 2362 393 2441 (v.
412 2362 490 2440 314).
506 2365 552 2420 Sic
569 2364 653 2420 codd.
678 2366 817 2421 meliores.
834 2369 889 2422 ΜΒ
910 2367 1021 2422 :lacni
1041 2367 1139 2422 Paullo
1153 2381 1223 2424 ante

182 2454 265 2508 multi
279 2454 363 2509 codd.
378 2454 471 2508 boni:
496 2454 650 2507 Thaminm
668 2455 712 2507 vel
731 2454 888 2508 Thamirm.

222 2548 358 2622 Palpetus
369 2543 408 2622 (v.
426 2543 501 2622 319).
516 2546 571 2600 ΜΒ
585 2555 613 2599 et
622 2544 694 2598 alius
708 2564 714 2597 :
729 2545 881 2620 Paspetus.
897 2547 958 2600 Put.
970 2564 977 2598 ι
990 2545 1135 2617 Calpetus.

227 2641 331 2694 Vacuoe
353 2638 438 2693 nubes
451 2635 489 2714 (v.
503 2634 581 2714 327).
598 2639 697 2693 «Toto
716 2657 782 2694 rore
801 2649 923 2695 vacuata
943 2637 1046 2715 (quem
1063 2637 1094 2692 in
1111 2649 1221 2699 terrun

184 2728 362 2807 dejecerant).
374 2756 386 2781 i
399 2732 487 2786 Lacr.

222 2825 309 2878 Fenus
319 2825 399 2879 miles
412 2824 551 2896 tripodum
559 2822 596 2898 (v.
606 2822 683 2899 339).
694 2824 826 2898 Speciosa
835 2823 987 2878 admodum
1000 2825 1055 2877 ΜΒ
1066 2842 1072 2875 :
1083 2847 1095 2870 «
1105 2823 1221 2893 Trado;

183 2917 260 2971 ierus
274 2916 419 2987 tripodum
437 2915 524 2970 miles.
535 2940 596 2964 »-
610 2919 690 2985 Post,
707 2937 733 2970 v.
750 2916 817 2984 342,
831 2914 906 2969 idem
927 2936 934 2969 :
955 2918 1080 2981 «munci,
1098 2933 1189 2983 arma,
1208 2943 1219 2965 ι

184 3019 212 3062 et
228 3028 255 3061 v.
272 3006 327 3073 345
343 3026 407 3062 cum
421 3008 521 3062 ceteris
540 3010 635 3063 Barth.
650 3030 656 3062 :
671 3008 808 3063 «totidem
822 3025 877 3061 non
895 3009 1073 3063 immemor.»

226 3102 303 3171 Quid
313 3102 416 3156 deinde
421 3101 526 3174 feretis
538 3098 576 3175 (v.
597 3101 664 3175 353)
674 3101 686 3153 i
698 3101 751 3153 ΜΒ
766 3117 773 3152 2
789 3099 905 3167 sescenis.

223 3194 381 3249 Paa'entior
390 3205 467 3247 artus
481 3190 519 3267 (v.
538 3191 614 3269 356).
630 3190 783 3261 «Quamvis
798 3191 982 3264 patientiores
996 3203 1072 3247 artus
1091 3193 1194 3248 habeat
1211 3216 1217 3247 :

182 3286 213 3341 id
227 3297 284 3354 est,
298 3286 388 3361 Tydei
407 3287 534 3340 membra
552 3286 624 3340 dura
643 3294 707 3338 sunt
727 3295 756 3338 et
775 3303 836 3339 non
851 3285 907 3340 cito
922 3286 1082 3353 tabescunt,
1097 3304 1166 3353 nec,
1183 3297 1219 3340 nt

183 3379 344 3434 adolescens
357 3379 575 3451 Parthenopaeus
584 3375 655 3451 [cod.
670 3379 733 3431 Par.
744 3397 751 3431 :
762 3397 812 3433 nec
819 3379 984 3433 adulescens
995 3375 1126 3453 peritus],
1139 3381 1218 3433 mul-

182 3469 217 3524 tis
235 3471 270 3523 sit
284 3471 414 3545 lacrymis
428 3472 538 3544 dignus.
550 3494 562 3518 υ
576 3470 660 3522 Lacr.

222 3565 352 3617 Incendit
369 3566 469 3637 pinnis
482 3562 521 3639 (v.
544 3562 600 3630 370
621 3559 685 3638 sq.).
707 3564 760 3618 ΜΒ
781 3582 788 3616 :
812 3564 939 3619 intendit.
960 3563 1062 3617 Markl.
1077 3564 1118 3616 ad
1135 3563 1217 3631 Situ,

183 3677 207 3725 r,
222 3673 254 3722 n,
270 3653 324 3719 45:
340 3680 352 3703 α
406 3657 458 3711 dea
473 3654 607 3711 cornibus
621 3657 725 3711 almum
739 3658 778 3725 8.,
787 3667 815 3712 et
828 3675 852 3712 a.
869 3657 1044 3712 monstrabat
1058 3655 1215 3725 s.c0rnu‚·

182 3759 214 3802 ut
227 3765 289 3815 xii,
307 3743 371 3802 305.
387 3744 553 3800 Wakefield.
568 3748 611 3800 ad
623 3750 800 3818 Lucret.,v1,
815 3747 903 3819 1236,
915 3747 1002 3822 exigit
1015 3747 1110 3802 album
1122 3749 1214 3814 siclus,

183 3839 249 3914 quia
267 3837 416 3910 splendore
432 3837 459 3891 h.
474 3838 491 3890 l.
508 3856 580 3910 opus
595 3840 638 3894 sit.

222 3931 368 4006 Annisque
378 3932 570 4006 propinquant
584 3931 622 4008 (v.
634 3931 710 4009 385).
722 3933 928 4007 Recipiendurn
941 3943 1001 3988 crat
1011 3932 1091 4006 quod
1100 3933 1131 3986 in
1142 3935 1212 4006 plu-

183 4024 260 4079 rimis
277 4024 360 4079 codd.
371 4035 412 4079 est
427 4043 433 4077 τ
449 4026 629 4100 «animisque
642 4044 685 4098 pr.
692 4050 719 4092 ,υ
732 4025 813 4098 quod
827 4025 938 4100 egregie
955 4025 1079 4097 explieat
1091 4027 1213 4080 Lactan-
