<?xml version="1.0" encoding="UTF-8"?>
<!DOCTYPE html PUBLIC "-//W3C//DTD XHTML 1.0 Transitional//EN"
    "http://www.w3.org/TR/xhtml1/DTD/xhtml1-transitional.dtd">
<html xmlns="http://www.w3.org/1999/xhtml" xml:lang="en" lang="en">
 <head>
  <title>
</title>
<meta http-equiv="Content-Type" content="text/html;charset=utf-8" />
  <meta name='ocr-system' content='tesseract 3.04.00' />
  <meta name='ocr-capabilities' content='ocr_page ocr_carea ocr_par ocr_line ocrx_word'/>
</head>
<body>
  <div class='ocr_page' id='page_1' title='image "./publiipapiniist01statgoog_0527.png"; bbox 0 0 2812 5258; ppageno 0'>
   <div class='ocr_carea' id='block_1_1' title="bbox 292 407 1323 489">
    <p class='ocr_par' dir='ltr' id='par_1_1' title="bbox 292 407 1323 489">
     <span class='ocr_line' id='line_1_1' title="bbox 292 407 1323 489; baseline -0.005 -27"><span class='ocrx_word' id='word_1_1' title='bbox 292 407 348 475; x_wconf 69' lang='lat'><strong>234</strong></span> <span class='ocrx_word' id='word_1_2' title='bbox 580 408 791 489; x_wconf 69' lang='lat' dir='ltr'><strong>&#39;rmntios</strong></span> <span class='ocrx_word' id='word_1_3' title='bbox 811 408 919 462; x_wconf 81' lang='lat' dir='ltr'>LIBER</span> <span class='ocrx_word' id='word_1_4' title='bbox 942 408 1010 463; x_wconf 82' lang='grc' dir='ltr'><strong>ΧΠ.</strong></span> <span class='ocrx_word' id='word_1_5' title='bbox 1226 410 1323 471; x_wconf 61' lang='lat' dir='ltr'><strong>lhos.)</strong></span> 
     </span>
    </p>
   </div>
   <div class='ocr_carea' id='block_1_2' title="bbox 283 531 1326 4094">
    <p class='ocr_par' dir='ltr' id='par_1_2' title="bbox 286 531 1326 2899">
     <span class='ocr_line' id='line_1_2' title="bbox 290 531 1120 627; baseline -0.005 -26"><span class='ocrx_word' id='word_1_6' title='bbox 290 536 356 619; x_wconf 88' lang='lat' dir='ltr'><strong>Te,</strong></span> <span class='ocrx_word' id='word_1_7' title='bbox 376 557 469 627; x_wconf 90' lang='lat' dir='ltr'><strong>puer,</strong></span> <span class='ocrx_word' id='word_1_8' title='bbox 488 548 520 600; x_wconf 90' lang='lat' dir='ltr'><strong>et</strong></span> <span class='ocrx_word' id='word_1_9' title='bbox 535 531 623 600; x_wconf 91' lang='lat' dir='ltr'><strong>diros</strong></span> <span class='ocrx_word' id='word_1_10' title='bbox 640 534 757 600; x_wconf 80' lang='lat' dir='ltr'><strong>misere</strong></span> <span class='ocrx_word' id='word_1_11' title='bbox 775 533 808 600; x_wconf 94' lang='lat' dir='ltr'><strong>in</strong></span> <span class='ocrx_word' id='word_1_12' title='bbox 823 535 962 601; x_wconf 88' lang='lat' dir='ltr'><strong>Tartara</strong></span> <span class='ocrx_word' id='word_1_13' title='bbox 981 531 1120 599; x_wconf 82' lang='lat' dir='ltr'><strong>fratres?</strong></span> 
     </span>
     <span class='ocr_line' id='line_1_3' title="bbox 290 651 1078 745; baseline 0.005 -24"><span class='ocrx_word' id='word_1_14' title='bbox 290 657 333 721; x_wconf 88' lang='lat' dir='ltr'><strong>Et</strong></span> <span class='ocrx_word' id='word_1_15' title='bbox 350 677 439 722; x_wconf 93' lang='lat' dir='ltr'><strong>nunc</strong></span> <span class='ocrx_word' id='word_1_16' title='bbox 451 651 618 745; x_wconf 87' lang='lat' dir='ltr'><strong>OEdipodi</strong></span> <span class='ocrx_word' id='word_1_17' title='bbox 637 676 698 744; x_wconf 90' lang='lat' dir='ltr'><strong>par</strong></span> <span class='ocrx_word' id='word_1_18' title='bbox 717 666 765 720; x_wconf 89' lang='lat' dir='ltr'><strong>est</strong></span> <span class='ocrx_word' id='word_1_19' title='bbox 783 651 918 720; x_wconf 83' lang='lat' dir='ltr'><strong>fortuna</strong></span> <span class='ocrx_word' id='word_1_20' title='bbox 934 651 1078 725; x_wconf 83' lang='lat' dir='ltr'><strong>doloris.</strong></span> 
     </span>
     <span class='ocr_line' id='line_1_4' title="bbox 291 769 1326 865; baseline -0.001 -24"><span class='ocrx_word' id='word_1_21' title='bbox 291 777 338 841; x_wconf 77' lang='lat' dir='ltr'><strong>Ac</strong></span> <span class='ocrx_word' id='word_1_22' title='bbox 352 773 432 840; x_wconf 90' lang='lat' dir='ltr'><strong>mihi</strong></span> <span class='ocrx_word' id='word_1_23' title='bbox 444 798 451 838; x_wconf 92' lang='lat'>:</span> <span class='ocrx_word' id='word_1_24' title='bbox 465 795 562 864; x_wconf 90' lang='lat' dir='ltr'><strong>quam</strong></span> <span class='ocrx_word' id='word_1_25' title='bbox 572 769 694 839; x_wconf 84' lang='lat' dir='ltr'><strong>similes</strong></span> <span class='ocrx_word' id='word_1_26' title='bbox 705 773 880 864; x_wconf 82' lang='lat' dir='ltr'><strong>gemimus,</strong></span> <span class='ocrx_word' id='word_1_27' title='bbox 898 772 983 839; x_wconf 91' lang='lat' dir='ltr'><strong>bone</strong></span> <span class='ocrx_word' id='word_1_28' title='bbox 992 773 1157 865; x_wconf 74' lang='lat' dir='ltr'><strong>luppiter,</strong></span> <span class='ocrx_word' id='word_1_29' title='bbox 1169 773 1326 842; x_wconf 80' lang='lat' dir='ltr'><strong>umbras:</strong></span> 
     </span>
     <span class='ocr_line' id='line_1_5' title="bbox 291 890 1100 985; baseline -0.004 -25"><span class='ocrx_word' id='word_1_30' title='bbox 291 893 426 985; x_wconf 81' lang='lat' dir='ltr'><strong>Accipe,</strong></span> <span class='ocrx_word' id='word_1_31' title='bbox 445 905 537 975; x_wconf 86' lang='lat' dir='ltr'><strong>nate,</strong></span> <span class='ocrx_word' id='word_1_32' title='bbox 555 891 603 958; x_wconf 92' lang='lat' dir='ltr'><strong>tui</strong></span> <span class='ocrx_word' id='word_1_33' title='bbox 623 914 709 959; x_wconf 88' lang='lat' dir='ltr'><strong>nova</strong></span> <span class='ocrx_word' id='word_1_34' title='bbox 725 890 904 960; x_wconf 88' lang='lat' dir='ltr'><strong>libamenta</strong></span> <span class='ocrx_word' id='word_1_35' title='bbox 919 890 1100 984; x_wconf 86' lang='lat' dir='ltr'><strong>triumphi,</strong></span> 
     </span>
     <span class='ocr_line' id='line_1_6' title="bbox 290 1010 1257 1106; baseline 0.001 -26"><span class='ocrx_word' id='word_1_36' title='bbox 290 1012 426 1102; x_wconf 78' lang='lat' dir='ltr'><strong>Accipe,</strong></span> <span class='ocrx_word' id='word_1_37' title='bbox 446 1025 478 1078; x_wconf 88' lang='lat' dir='ltr'><strong>et</strong></span> <span class='ocrx_word' id='word_1_38' title='bbox 497 1011 561 1079; x_wconf 91' lang='lat' dir='ltr'><strong>hoc</strong></span> <span class='ocrx_word' id='word_1_39' title='bbox 581 1011 729 1104; x_wconf 88' lang='lat' dir='ltr'><strong>regimen</strong></span> <span class='ocrx_word' id='word_1_40' title='bbox 747 1010 886 1098; x_wconf 72' lang='lat' dir='ltr'><strong>dexmae,</strong></span> <span class='ocrx_word' id='word_1_41' title='bbox 902 1010 1086 1104; x_wconf 78' lang='lat' dir='ltr'><strong>frontisque</strong></span> <span class='ocrx_word' id='word_1_42' title='bbox 1106 1013 1257 1106; x_wconf 79' lang='lat' dir='ltr'><strong>superba</strong></span> 
     </span>
     <span class='ocr_line' id='line_1_7' title="bbox 288 1127 1114 1225; baseline 0 -26"><span class='ocrx_word' id='word_1_43' title='bbox 288 1127 446 1216; x_wconf 85' lang='lat' dir='ltr'><strong>Vincula,</strong></span> <span class='ocrx_word' id='word_1_44' title='bbox 464 1155 537 1222; x_wconf 83' lang='lat' dir='ltr'><strong>quae</strong></span> <span class='ocrx_word' id='word_1_45' title='bbox 557 1133 641 1224; x_wconf 90' lang='lat' dir='ltr'><strong>patri</strong></span> <span class='ocrx_word' id='word_1_46' title='bbox 656 1132 795 1200; x_wconf 86' lang='lat' dir='ltr'><strong>nimium</strong></span> <span class='ocrx_word' id='word_1_47' title='bbox 813 1129 971 1225; x_wconf 87' lang='lat' dir='ltr'><strong>gestanda</strong></span> <span class='ocrx_word' id='word_1_48' title='bbox 986 1129 1114 1199; x_wconf 88' lang='lat' dir='ltr'><strong>dedisti.</strong></span> 
     </span>
     <span class='ocr_line' id='line_1_8' title="bbox 288 1249 1081 1344; baseline 0.001 -27"><span class='ocrx_word' id='word_1_49' title='bbox 288 1252 414 1342; x_wconf 82' lang='lat' dir='ltr'><strong>Regem</strong></span> <span class='ocrx_word' id='word_1_50' title='bbox 434 1264 486 1335; x_wconf 89' lang='lat' dir='ltr'><strong>te,</strong></span> <span class='ocrx_word' id='word_1_51' title='bbox 503 1274 631 1344; x_wconf 89' lang='lat' dir='ltr'><strong>regem,</strong></span> <span class='ocrx_word' id='word_1_52' title='bbox 649 1252 758 1319; x_wconf 84' lang='lat' dir='ltr'><strong>tristes</strong></span> <span class='ocrx_word' id='word_1_53' title='bbox 775 1249 944 1320; x_wconf 85' lang='lat' dir='ltr'><strong>Eteocleos</strong></span> <span class='ocrx_word' id='word_1_54' title='bbox 958 1250 1081 1319; x_wconf 77' lang='lat' dir='ltr'><strong>umbrae</strong></span> 
     </span>
     <span class='ocr_line' id='line_1_9' title="bbox 288 1368 1297 1466; baseline 0.006 -29"><span class='ocrx_word' id='word_1_55' title='bbox 288 1368 490 1464; x_wconf 77' lang='lat' dir='ltr'><strong>Adspiciant.</strong></span> <span class='ocrx_word' id='word_1_56' title='bbox 503 1399 520 1434; x_wconf 74' lang='lat' dir='ltr'><strong>a</strong></span> <span class='ocrx_word' id='word_1_57' title='bbox 535 1369 640 1439; x_wconf 89' lang='lat' dir='ltr'><strong>Simul</strong></span> <span class='ocrx_word' id='word_1_58' title='bbox 659 1371 727 1439; x_wconf 81' lang='lat' dir='ltr'><strong>haec</strong></span> <span class='ocrx_word' id='word_1_59' title='bbox 743 1371 872 1457; x_wconf 88' lang='lat' dir='ltr'><strong>dicens,</strong></span> <span class='ocrx_word' id='word_1_60' title='bbox 886 1372 1077 1462; x_wconf 87' lang='lat' dir='ltr'><strong>crinemque</strong></span> <span class='ocrx_word' id='word_1_61' title='bbox 1093 1396 1297 1466; x_wconf 88' lang='lat' dir='ltr'><strong>manumque</strong></span> 
     </span>
     <span class='ocr_line' id='line_1_10' title="bbox 289 1488 1077 1583; baseline 0 -25"><span class='ocrx_word' id='word_1_62' title='bbox 289 1492 457 1576; x_wconf 84' lang='lat' dir='ltr'><strong>Destruit,</strong></span> <span class='ocrx_word' id='word_1_63' title='bbox 472 1514 673 1583; x_wconf 86' lang='lat' dir='ltr'><strong>accensaque</strong></span> <span class='ocrx_word' id='word_1_64' title='bbox 691 1492 789 1558; x_wconf 87' lang='lat' dir='ltr'><strong>iterat</strong></span> <span class='ocrx_word' id='word_1_65' title='bbox 805 1488 982 1559; x_wconf 87' lang='lat' dir='ltr'><strong>violentius</strong></span> <span class='ocrx_word' id='word_1_66' title='bbox 999 1490 1049 1558; x_wconf 85' lang='lat' dir='ltr'><strong>ira</strong></span> <span class='ocrx_word' id='word_1_67' title='bbox 1069 1517 1077 1558; x_wconf 76' lang='grc' dir='ltr'><strong>ε</strong></span> 
     </span>
     <span class='ocr_line' id='line_1_11' title="bbox 287 1608 1325 1704; baseline 0.012 -33"><span class='ocrx_word' id='word_1_68' title='bbox 287 1612 439 1678; x_wconf 74' lang='lat' dir='ltr'><strong>«Saevum</strong></span> <span class='ocrx_word' id='word_1_69' title='bbox 447 1608 605 1704; x_wconf 88' lang='lat' dir='ltr'><strong>agedum,</strong></span> <span class='ocrx_word' id='word_1_70' title='bbox 616 1610 1325 1702; x_wconf 71' lang='lat' dir='ltr'><strong>immitemquevocent,nuncfunem1ernae</strong></span> 
     </span>
     <span class='ocr_line' id='line_1_12' title="bbox 287 1727 1196 1823; baseline 0.004 -28"><span class='ocrx_word' id='word_1_71' title='bbox 287 1730 410 1798; x_wconf 88' lang='lat' dir='ltr'><strong>Tecum</strong></span> <span class='ocrx_word' id='word_1_72' title='bbox 427 1727 542 1798; x_wconf 87' lang='lat' dir='ltr'><strong>ardere</strong></span> <span class='ocrx_word' id='word_1_73' title='bbox 560 1743 656 1798; x_wconf 89' lang='lat' dir='ltr'><strong>veto:</strong></span> <span class='ocrx_word' id='word_1_74' title='bbox 676 1727 792 1823; x_wconf 85' lang='lat' dir='ltr'><strong>longos</strong></span> <span class='ocrx_word' id='word_1_75' title='bbox 806 1730 932 1798; x_wconf 88' lang='lat' dir='ltr'><strong>utinam</strong></span> <span class='ocrx_word' id='word_1_76' title='bbox 948 1727 1067 1798; x_wconf 81' lang='lat' dir='ltr'><strong>addere</strong></span> <span class='ocrx_word' id='word_1_77' title='bbox 1083 1754 1196 1799; x_wconf 85' lang='lat' dir='ltr'><strong>sensus</strong></span> 
     </span>
     <span class='ocr_line' id='line_1_13' title="bbox 288 1847 1182 1942; baseline 0.004 -27"><span class='ocrx_word' id='word_1_78' title='bbox 288 1848 509 1941; x_wconf 89' lang='lat' dir='ltr'><strong>Corporibus,</strong></span> <span class='ocrx_word' id='word_1_79' title='bbox 527 1847 676 1942; x_wconf 79' lang='lat' dir='ltr'><strong>coeloque</strong></span> <span class='ocrx_word' id='word_1_80' title='bbox 695 1850 820 1919; x_wconf 86' lang='lat' dir='ltr'><strong>animas</strong></span> <span class='ocrx_word' id='word_1_81' title='bbox 835 1848 1010 1941; x_wconf 87' lang='lat' dir='ltr'><strong>Ereboque</strong></span> <span class='ocrx_word' id='word_1_82' title='bbox 1027 1865 1182 1919; x_wconf 90' lang='lat' dir='ltr'><strong>nocentes</strong></span> 
     </span>
     <span class='ocr_line' id='line_1_14' title="bbox 288 1965 1221 2063; baseline 0.006 -30"><span class='ocrx_word' id='word_1_83' title='bbox 288 1965 412 2035; x_wconf 87' lang='lat' dir='ltr'><strong>Pellere</strong></span> <span class='ocrx_word' id='word_1_84' title='bbox 424 1967 491 2054; x_wconf 86' lang='lat' dir='ltr'><strong>las,</strong></span> <span class='ocrx_word' id='word_1_85' title='bbox 510 1970 683 2062; x_wconf 88' lang='lat' dir='ltr'><strong>ipsumque</strong></span> <span class='ocrx_word' id='word_1_86' title='bbox 701 1969 807 2057; x_wconf 84' lang='lat' dir='ltr'><strong>seras,</strong></span> <span class='ocrx_word' id='word_1_87' title='bbox 825 1971 935 2063; x_wconf 90' lang='lat' dir='ltr'><strong>ipsum</strong></span> <span class='ocrx_word' id='word_1_88' title='bbox 950 1992 1034 2037; x_wconf 93' lang='lat' dir='ltr'><strong>unca</strong></span> <span class='ocrx_word' id='word_1_89' title='bbox 1049 1969 1221 2039; x_wconf 81' lang='lat' dir='ltr'><strong>volucrum</strong></span> 
     </span>
     <span class='ocr_line' id='line_1_15' title="bbox 287 2089 1226 2183; baseline 0.006 -30"><span class='ocrx_word' id='word_1_90' title='bbox 287 2089 357 2154; x_wconf 93' lang='lat' dir='ltr'><strong>Ora</strong></span> <span class='ocrx_word' id='word_1_91' title='bbox 371 2089 478 2180; x_wconf 89' lang='lat' dir='ltr'><strong>sequi,</strong></span> <span class='ocrx_word' id='word_1_92' title='bbox 498 2102 599 2181; x_wconf 89' lang='lat' dir='ltr'><strong>atque</strong></span> <span class='ocrx_word' id='word_1_93' title='bbox 615 2102 705 2158; x_wconf 87' lang='lat' dir='ltr'><strong>artus</strong></span> <span class='ocrx_word' id='word_1_94' title='bbox 723 2114 838 2183; x_wconf 89' lang='lat' dir='ltr'><strong>regum</strong></span> <span class='ocrx_word' id='word_1_95' title='bbox 856 2103 1040 2158; x_wconf 83' lang='lat' dir='ltr'><strong>monstrare</strong></span> <span class='ocrx_word' id='word_1_96' title='bbox 1057 2089 1226 2159; x_wconf 89' lang='lat' dir='ltr'><strong>nefandos.</strong></span> 
     </span>
     <span class='ocr_line' id='line_1_16' title="bbox 289 2206 1264 2302; baseline 0.008 -31"><span class='ocrx_word' id='word_1_97' title='bbox 289 2206 349 2272; x_wconf 88' lang='lat' dir='ltr'><strong>Hei</strong></span> <span class='ocrx_word' id='word_1_98' title='bbox 365 2207 465 2293; x_wconf 88' lang='lat' dir='ltr'><strong>milri,</strong></span> <span class='ocrx_word' id='word_1_99' title='bbox 482 2208 572 2299; x_wconf 92' lang='lat' dir='ltr'><strong>quod</strong></span> <span class='ocrx_word' id='word_1_100' title='bbox 589 2211 713 2302; x_wconf 81' lang='lat' dir='ltr'><strong>positos</strong></span> <span class='ocrx_word' id='word_1_101' title='bbox 731 2209 851 2278; x_wconf 88' lang='lat' dir='ltr'><strong>humus</strong></span> <span class='ocrx_word' id='word_1_102' title='bbox 866 2207 953 2277; x_wconf 89' lang='lat' dir='ltr'><strong>alma</strong></span> <span class='ocrx_word' id='word_1_103' title='bbox 967 2207 1101 2300; x_wconf 87' lang='lat' dir='ltr'><strong>diesque</strong></span> <span class='ocrx_word' id='word_1_104' title='bbox 1119 2208 1264 2278; x_wconf 89' lang='lat' dir='ltr'><strong>resolvit.</strong></span> 
     </span>
     <span class='ocr_line' id='line_1_17' title="bbox 287 2323 1232 2421; baseline 0.007 -31"><span class='ocrx_word' id='word_1_105' title='bbox 287 2323 400 2410; x_wconf 86' lang='lat' dir='ltr'><strong>Quare</strong></span> <span class='ocrx_word' id='word_1_106' title='bbox 412 2327 531 2393; x_wconf 88' lang='lat' dir='ltr'><strong>itemm</strong></span> <span class='ocrx_word' id='word_1_107' title='bbox 551 2341 720 2419; x_wconf 87' lang='lat' dir='ltr'><strong>repetens,</strong></span> <span class='ocrx_word' id='word_1_108' title='bbox 739 2327 924 2417; x_wconf 89' lang='lat' dir='ltr'><strong>iterumque</strong></span> <span class='ocrx_word' id='word_1_109' title='bbox 942 2326 1056 2413; x_wconf 89' lang='lat' dir='ltr'><strong>edico,</strong></span> <span class='ocrx_word' id='word_1_110' title='bbox 1077 2352 1232 2421; x_wconf 80' lang='lat' dir='ltr'><strong>suprema</strong></span> 
     </span>
     <span class='ocr_line' id='line_1_18' title="bbox 287 2443 1197 2537; baseline 0.001 -25"><span class='ocrx_word' id='word_1_111' title='bbox 287 2444 338 2512; x_wconf 88' lang='lat' dir='ltr'><strong>Ne</strong></span> <span class='ocrx_word' id='word_1_112' title='bbox 357 2444 431 2534; x_wconf 85' lang='lat' dir='ltr'><strong>quis</strong></span> <span class='ocrx_word' id='word_1_113' title='bbox 444 2468 527 2536; x_wconf 87' lang='lat' dir='ltr'><strong>cpe,</strong></span> <span class='ocrx_word' id='word_1_114' title='bbox 543 2459 600 2513; x_wconf 90' lang='lat' dir='ltr'><strong>aut</strong></span> <span class='ocrx_word' id='word_1_115' title='bbox 613 2444 752 2512; x_wconf 82' lang='lat' dir='ltr'><strong>flammis</strong></span> <span class='ocrx_word' id='word_1_116' title='bbox 773 2445 860 2511; x_wconf 88' lang='lat' dir='ltr'><strong>ausit</strong></span> <span class='ocrx_word' id='word_1_117' title='bbox 872 2444 995 2534; x_wconf 86' lang='lat' dir='ltr'><strong>juvisse</strong></span> <span class='ocrx_word' id='word_1_118' title='bbox 1014 2443 1168 2537; x_wconf 89' lang='lat' dir='ltr'><strong>Pelasgos</strong></span> <span class='ocrx_word' id='word_1_119' title='bbox 1189 2475 1197 2513; x_wconf 92' lang='lat'><strong>:</strong></span> 
     </span>
     <span class='ocr_line' id='line_1_19' title="bbox 287 2561 1188 2659; baseline 0.004 -30"><span class='ocrx_word' id='word_1_120' title='bbox 287 2566 354 2630; x_wconf 81' lang='lat' dir='ltr'><strong>Aut</strong></span> <span class='ocrx_word' id='word_1_121' title='bbox 373 2587 452 2631; x_wconf 88' lang='lat' dir='ltr'><strong>nece</strong></span> <span class='ocrx_word' id='word_1_122' title='bbox 470 2562 555 2632; x_wconf 85' lang='lat' dir='ltr'><strong>facta</strong></span> <span class='ocrx_word' id='word_1_123' title='bbox 570 2561 659 2647; x_wconf 87' lang='lat' dir='ltr'><strong>luet,</strong></span> <span class='ocrx_word' id='word_1_124' title='bbox 675 2587 878 2656; x_wconf 89' lang='lat' dir='ltr'><strong>numeroque</strong></span> <span class='ocrx_word' id='word_1_125' title='bbox 897 2561 1041 2659; x_wconf 80' lang='lat' dir='ltr'><strong>explebit</strong></span> <span class='ocrx_word' id='word_1_126' title='bbox 1057 2562 1188 2633; x_wconf 91' lang='lat' dir='ltr'><strong>ademta</strong></span> 
     </span>
     <span class='ocr_line' id='line_1_20' title="bbox 286 2684 1264 2779; baseline 0 -28"><span class='ocrx_word' id='word_1_127' title='bbox 286 2684 458 2776; x_wconf 88' lang='lat' dir='ltr'><strong>Corpora:</strong></span> <span class='ocrx_word' id='word_1_128' title='bbox 476 2707 536 2776; x_wconf 92' lang='lat' dir='ltr'><strong>per</strong></span> <span class='ocrx_word' id='word_1_129' title='bbox 548 2686 708 2779; x_wconf 87' lang='lat' dir='ltr'><strong>Superos,</strong></span> <span class='ocrx_word' id='word_1_130' title='bbox 725 2709 949 2779; x_wconf 85' lang='lat' dir='ltr'><strong>magnumque</strong></span> <span class='ocrx_word' id='word_1_131' title='bbox 960 2687 1129 2754; x_wconf 86' lang='lat' dir='ltr'><strong>Menoecea</strong></span> <span class='ocrx_word' id='word_1_132' title='bbox 1145 2687 1264 2778; x_wconf 86' lang='lat' dir='ltr'><strong>juro.»</strong></span> 
     </span>
     <span class='ocr_line' id='line_1_21' title="bbox 286 2803 1112 2899; baseline 0.005 -30"><span class='ocrx_word' id='word_1_133' title='bbox 286 2803 392 2888; x_wconf 84' lang='lat' dir='ltr'><strong>Dixit,</strong></span> <span class='ocrx_word' id='word_1_134' title='bbox 409 2818 442 2871; x_wconf 88' lang='lat' dir='ltr'><strong>et</strong></span> <span class='ocrx_word' id='word_1_135' title='bbox 455 2803 629 2899; x_wconf 91' lang='lat' dir='ltr'><strong>abreptum</strong></span> <span class='ocrx_word' id='word_1_136' title='bbox 649 2806 784 2875; x_wconf 80' lang='lat' dir='ltr'><strong>comites</strong></span> <span class='ocrx_word' id='word_1_137' title='bbox 805 2808 838 2874; x_wconf 92' lang='lat' dir='ltr'><strong>in</strong></span> <span class='ocrx_word' id='word_1_138' title='bbox 855 2821 940 2875; x_wconf 87' lang='lat' dir='ltr'><strong>tecta</strong></span> <span class='ocrx_word' id='word_1_139' title='bbox 955 2805 1112 2873; x_wconf 86' lang='lat' dir='ltr'><strong>ferebant.</strong></span> 
     </span>
    </p>

    <p class='ocr_par' dir='ltr' id='par_1_3' title="bbox 286 2920 1214 3612">
     <span class='ocr_line' id='line_1_22' title="bbox 335 2920 1123 3018; baseline 0.005 -30"><span class='ocrx_word' id='word_1_140' title='bbox 335 2920 467 2991; x_wconf 88' lang='lat' dir='ltr'><strong>Flebilis</strong></span> <span class='ocrx_word' id='word_1_141' title='bbox 484 2925 610 2993; x_wconf 87' lang='lat' dir='ltr'><strong>interea</strong></span> <span class='ocrx_word' id='word_1_142' title='bbox 628 2927 741 2994; x_wconf 82' lang='lat' dir='ltr'><strong>vacuis</strong></span> <span class='ocrx_word' id='word_1_143' title='bbox 755 2927 927 2993; x_wconf 84' lang='lat' dir='ltr'><strong>comitatus</strong></span> <span class='ocrx_word' id='word_1_144' title='bbox 944 2923 984 2992; x_wconf 95' lang='lat' dir='ltr'><strong>ab</strong></span> <span class='ocrx_word' id='word_1_145' title='bbox 1006 2926 1123 3018; x_wconf 77' lang='lat' dir='ltr'><strong>Argis,</strong></span> 
     </span>
     <span class='ocr_line' id='line_1_23' title="bbox 287 3042 1124 3134; baseline 0.004 -25"><span class='ocrx_word' id='word_1_146' title='bbox 287 3045 386 3110; x_wconf 88' lang='lat' dir='ltr'><strong>Fama</strong></span> <span class='ocrx_word' id='word_1_147' title='bbox 403 3042 505 3111; x_wconf 88' lang='lat' dir='ltr'><strong>trabit</strong></span> <span class='ocrx_word' id='word_1_148' title='bbox 521 3044 674 3128; x_wconf 84' lang='lat' dir='ltr'><strong>miseras,</strong></span> <span class='ocrx_word' id='word_1_149' title='bbox 692 3045 779 3114; x_wconf 77' lang='lat' dir='ltr'><strong>orbe</strong></span> <span class='ocrx_word' id='word_1_150' title='bbox 797 3042 965 3134; x_wconf 81' lang='lat' dir='ltr'><strong>viduaeque</strong></span> <span class='ocrx_word' id='word_1_151' title='bbox 982 3044 1124 3112; x_wconf 87' lang='lat' dir='ltr'><strong>ruebant</strong></span> 
     </span>
     <span class='ocr_line' id='line_1_24' title="bbox 287 3161 1214 3257; baseline 0.004 -29"><span class='ocrx_word' id='word_1_152' title='bbox 287 3161 476 3247; x_wconf 81' lang='lat' dir='ltr'><strong>Inachides,</strong></span> <span class='ocrx_word' id='word_1_153' title='bbox 497 3186 558 3231; x_wconf 87' lang='lat' dir='ltr'><strong>ceu</strong></span> <span class='ocrx_word' id='word_1_154' title='bbox 572 3179 668 3257; x_wconf 82' lang='lat' dir='ltr'><strong>capta</strong></span> <span class='ocrx_word' id='word_1_155' title='bbox 686 3186 799 3231; x_wconf 87' lang='lat' dir='ltr'><strong>manus</strong></span> <span class='ocrx_word' id='word_1_156' title='bbox 821 3186 828 3227; x_wconf 90' lang='lat'>:</span> <span class='ocrx_word' id='word_1_157' title='bbox 848 3185 906 3229; x_wconf 92' lang='lat' dir='ltr'><strong>sua</strong></span> <span class='ocrx_word' id='word_1_158' title='bbox 924 3161 1061 3231; x_wconf 91' lang='lat' dir='ltr'><strong>vulnera</strong></span> <span class='ocrx_word' id='word_1_159' title='bbox 1077 3166 1214 3257; x_wconf 91' lang='lat' dir='ltr'><strong>cuique,</strong></span> 
     </span>
     <span class='ocr_line' id='line_1_25' title="bbox 286 3280 1127 3375; baseline 0.004 -27"><span class='ocrx_word' id='word_1_160' title='bbox 286 3282 349 3348; x_wconf 87' lang='lat' dir='ltr'><strong>Par</strong></span> <span class='ocrx_word' id='word_1_161' title='bbox 363 3280 494 3349; x_wconf 90' lang='lat' dir='ltr'><strong>habitus</strong></span> <span class='ocrx_word' id='word_1_162' title='bbox 511 3284 655 3362; x_wconf 89' lang='lat' dir='ltr'><strong>cunctis,</strong></span> <span class='ocrx_word' id='word_1_163' title='bbox 672 3281 787 3372; x_wconf 79' lang='lat' dir='ltr'><strong>deJ&#39;ecti</strong></span> <span class='ocrx_word' id='word_1_164' title='bbox 805 3282 839 3347; x_wconf 95' lang='lat' dir='ltr'><strong>in</strong></span> <span class='ocrx_word' id='word_1_165' title='bbox 857 3295 991 3375; x_wconf 88' lang='lat' dir='ltr'><strong>pectora</strong></span> <span class='ocrx_word' id='word_1_166' title='bbox 1006 3285 1127 3368; x_wconf 88' lang='lat' dir='ltr'><strong>crines,</strong></span> 
     </span>
     <span class='ocr_line' id='line_1_26' title="bbox 287 3398 1137 3492; baseline 0.005 -25"><span class='ocrx_word' id='word_1_167' title='bbox 287 3400 497 3492; x_wconf 79' lang='lat' dir='ltr'><strong>Accinctique</strong></span> <span class='ocrx_word' id='word_1_168' title='bbox 515 3403 627 3470; x_wconf 87' lang='lat' dir='ltr'><strong>sinus:</strong></span> <span class='ocrx_word' id='word_1_169' title='bbox 644 3414 780 3469; x_wconf 88' lang='lat' dir='ltr'><strong>manant</strong></span> <span class='ocrx_word' id='word_1_170' title='bbox 798 3398 904 3469; x_wconf 92' lang='lat' dir='ltr'><strong>lacera</strong></span> <span class='ocrx_word' id='word_1_171' title='bbox 920 3426 979 3469; x_wconf 94' lang='lat' dir='ltr'><strong>ora</strong></span> <span class='ocrx_word' id='word_1_172' title='bbox 994 3406 1137 3471; x_wconf 89' lang='lat' dir='ltr'><strong>cruentis</strong></span> 
     </span>
     <span class='ocr_line' id='line_1_27' title="bbox 286 3518 1098 3612; baseline 0.002 -26"><span class='ocrx_word' id='word_1_173' title='bbox 286 3519 478 3610; x_wconf 84' lang='lat' dir='ltr'><strong>Unguibus,</strong></span> <span class='ocrx_word' id='word_1_174' title='bbox 496 3533 531 3587; x_wconf 90' lang='lat' dir='ltr'><strong>et</strong></span> <span class='ocrx_word' id='word_1_175' title='bbox 546 3518 658 3588; x_wconf 88' lang='lat' dir='ltr'><strong>molles</strong></span> <span class='ocrx_word' id='word_1_176' title='bbox 674 3518 809 3612; x_wconf 92' lang='lat' dir='ltr'><strong>planctu</strong></span> <span class='ocrx_word' id='word_1_177' title='bbox 827 3545 958 3590; x_wconf 87' lang='lat' dir='ltr'><strong>crevere</strong></span> <span class='ocrx_word' id='word_1_178' title='bbox 976 3519 1098 3590; x_wconf 88' lang='lat' dir='ltr'><strong>lacerti.</strong></span> 
     </span>
    </p>

    <p class='ocr_par' dir='ltr' id='par_1_4' title="bbox 283 3637 1179 4094">
     <span class='ocr_line' id='line_1_28' title="bbox 334 3637 1096 3734; baseline 0.01 -32"><span class='ocrx_word' id='word_1_179' title='bbox 334 3637 443 3704; x_wconf 90' lang='lat' dir='ltr'><strong>Prima</strong></span> <span class='ocrx_word' id='word_1_180' title='bbox 462 3660 521 3729; x_wconf 86' lang='lat' dir='ltr'><strong>per</strong></span> <span class='ocrx_word' id='word_1_181' title='bbox 536 3639 691 3706; x_wconf 85' lang='lat' dir='ltr'><strong>attonitas</strong></span> <span class='ocrx_word' id='word_1_182' title='bbox 712 3640 813 3734; x_wconf 83' lang='lat' dir='ltr'><strong>nigrae</strong></span> <span class='ocrx_word' id='word_1_183' title='bbox 826 3642 940 3734; x_wconf 91' lang='lat' dir='ltr'><strong>regina</strong></span> <span class='ocrx_word' id='word_1_184' title='bbox 959 3655 1096 3710; x_wconf 83' lang='lat' dir='ltr'><strong>catervae</strong></span> 
     </span>
     <span class='ocr_line' id='line_1_29' title="bbox 283 3753 1179 3856; baseline 0.008 -33"><span class='ocrx_word' id='word_1_185' title='bbox 283 3755 443 3823; x_wconf 87' lang='lat' dir='ltr'><strong>Tristibus</strong></span> <span class='ocrx_word' id='word_1_186' title='bbox 464 3753 598 3825; x_wconf 84' lang='lat' dir='ltr'><strong>illabens</strong></span> <span class='ocrx_word' id='word_1_187' title='bbox 617 3756 762 3845; x_wconf 85' lang='lat' dir='ltr'><strong>famulis,</strong></span> <span class='ocrx_word' id='word_1_188' title='bbox 780 3761 967 3853; x_wconf 88' lang='lat' dir='ltr'><strong>iterumque</strong></span> <span class='ocrx_word' id='word_1_189' title='bbox 984 3786 1179 3856; x_wconf 90' lang='lat' dir='ltr'><strong>resurgens,</strong></span> 
     </span>
     <span class='ocr_line' id='line_1_30' title="bbox 284 3875 1064 3974; baseline 0.01 -35"><span class='ocrx_word' id='word_1_190' title='bbox 284 3875 409 3961; x_wconf 72' lang='lat' dir='ltr'><strong>Quaerit</strong></span> <span class='ocrx_word' id='word_1_191' title='bbox 422 3875 516 3968; x_wconf 88' lang='lat' dir='ltr'><strong>inops</strong></span> <span class='ocrx_word' id='word_1_192' title='bbox 536 3878 635 3972; x_wconf 78' lang='lat' dir='ltr'><strong>Argia</strong></span> <span class='ocrx_word' id='word_1_193' title='bbox 655 3880 722 3947; x_wconf 87' lang='lat' dir='ltr'><strong>vias</strong></span> <span class='ocrx_word' id='word_1_194' title='bbox 738 3906 745 3946; x_wconf 92' lang='lat'>:</span> <span class='ocrx_word' id='word_1_195' title='bbox 766 3905 833 3948; x_wconf 90' lang='lat' dir='ltr'><strong>non</strong></span> <span class='ocrx_word' id='word_1_196' title='bbox 849 3883 938 3974; x_wconf 93' lang='lat' dir='ltr'><strong>regia</strong></span> <span class='ocrx_word' id='word_1_197' title='bbox 954 3880 1064 3963; x_wconf 85' lang='lat' dir='ltr'><strong>cordi,</strong></span> 
     </span>
     <span class='ocr_line' id='line_1_31' title="bbox 285 3994 1123 4094; baseline 0.011 -33"><span class='ocrx_word' id='word_1_198' title='bbox 285 3994 360 4062; x_wconf 88' lang='lat' dir='ltr'><strong>Non</strong></span> <span class='ocrx_word' id='word_1_199' title='bbox 376 4009 469 4088; x_wconf 89' lang='lat' dir='ltr'><strong>pater</strong></span> <span class='ocrx_word' id='word_1_200' title='bbox 490 4022 496 4063; x_wconf 96' lang='lat'><strong>:</strong></span> <span class='ocrx_word' id='word_1_201' title='bbox 520 4022 585 4066; x_wconf 89' lang='lat' dir='ltr'><strong>una</strong></span> <span class='ocrx_word' id='word_1_202' title='bbox 604 3998 702 4086; x_wconf 88' lang='lat' dir='ltr'><strong>fides,</strong></span> <span class='ocrx_word' id='word_1_203' title='bbox 723 4026 825 4069; x_wconf 89' lang='lat' dir='ltr'><strong>unum</strong></span> <span class='ocrx_word' id='word_1_204' title='bbox 844 4002 1008 4094; x_wconf 85' lang='lat' dir='ltr'><strong>Polynicis</strong></span> <span class='ocrx_word' id='word_1_205' title='bbox 1022 4005 1123 4072; x_wconf 89' lang='lat' dir='ltr'><strong>amati</strong></span> 
     </span>
    </p>
   </div>
   <div class='ocr_carea' id='block_1_3' title="bbox 0 0 1410 5258">
    <p class='ocr_par' dir='ltr' id='par_1_5' title="bbox 0 0 1410 5258">
     <span class='ocr_line' id='line_1_32' title="bbox 0 0 1410 5258; baseline 0 1"><span class='ocrx_word' id='word_1_206' title='bbox 0 0 1410 5258; x_wconf 95' lang='lat' dir='ltr'><strong> </strong></span> 
     </span>
    </p>
   </div>
  </div>
 </body>
</html>
