2812 5258
308 419 366 476 sss
602 419 814 476 smarnos
833 422 945 476 aman
963 422 1029 477 xn.
1215 428 1251 485 (v.
1269 429 1338 492 ns.)

306 549 405 636 lsque
422 542 477 609 ubi
497 557 586 611 mota
602 568 689 613 novo
706 547 834 640 stupuit
852 544 926 612 loca
944 543 1012 612 sola
1026 543 1188 630 tumultu,

306 664 562 755 Femineumque
581 689 731 758 gregem,
748 689 821 757 quae
834 667 904 758 jam
921 689 1022 757 super
1038 665 1172 757 agmina
1188 667 1308 734 Lerna

304 779 383 851 Sola
402 781 506 868 videt,
526 808 592 851 non
609 781 664 852 ille
681 785 767 852 viam
784 809 962 876 causasque
980 785 1135 876 requirit,

303 904 438 996 Quippe
458 917 585 996 patent;
600 918 718 972 moesto
734 903 791 972 sed
810 907 858 972 sic
875 905 967 998 prior
982 919 1192 996 occupatore

302 1053 320 1087 a
330 1023 409 1111 Quo
426 1025 567 1110 miserae,
582 1048 649 1116 quo
665 1023 757 1092 fertis
774 1024 856 1093 iter?
871 1024 1014 1094 funusne
1030 1027 1188 1120 peremtis

302 1143 469 1237 Speratis,
486 1145 695 1235 cineremque
713 1143 814 1212 viris?
834 1157 898 1211 stat
914 1143 1053 1238 pervigil
1074 1142 1142 1212 illic

304 1264 505 1332 Umbrarum
521 1279 650 1348 custos,
671 1264 905 1357 inhumataque
920 1288 1059 1357 corpora
1075 1267 1143 1359 regi

303 1387 507 1452 Annumerat
525 1411 533 1452 :
554 1409 714 1478 nusquam
731 1384 895 1477 lacryma,
914 1382 1028 1479 procul
1046 1409 1150 1478 usque
1166 1386 1274 1481 fugati

302 1505 460 1571 decessus
476 1503 648 1572 bominum
666 1528 674 1568 ε
693 1502 772 1570 solis
790 1504 969 1596 avibusque
988 1503 1129 1598 ferisque

303 1624 356 1689 Ire
374 1618 475 1689 licet:
497 1621 655 1689 vestrisne
668 1623 778 1690 Creon
798 1620 889 1691 dabit
900 1646 1012 1715 aquus
1029 1624 1189 1694 bonorem

303 1740 483 1809 Luctibus?
499 1741 642 1809 immites
659 1742 755 1808 citius
772 1739 942 1809 Busiridos
959 1766 1050 1830 aras,

304 1859 502 1954 Odrysiique
520 1859 640 1929 samem
656 1859 796 1949 stabuli,
816 1860 1008 1956 Siculosque
1026 1863 1136 1933 licebit

302 1982 448 2049 Exorare
466 1984 576 2050 Deos:
594 1983 701 2074 rapiet
717 1980 854 2053 fortasse
872 1998 1042 2077 precantes

301 2101 354 2194 (Si
372 2125 462 2170 mens
483 2116 561 2170 nota
579 2100 693 2195 mibi),
710 2126 771 2171 nec
790 2102 988 2199 conjugialia
1005 2130 1105 2201 supra

304 2222 455 2306 Funera,
472 2220 529 2288 sed
548 2223 631 2289 caris
650 2219 748 2313 longe
767 2222 923 2290 mactabit
941 2223 983 2290 ab
1002 2226 1137 2294 umbris.

300 2338 391 2426 Quin
409 2338 536 2431 fugitis,
552 2339 630 2406 dum
651 2354 722 2406 tuta
743 2342 795 2406 via
810 2355 877 2426 est,
895 2345 1103 2437 Iemamque
1120 2370 1258 2414 reversae

300 2457 463 2539 Nomina,
484 2455 576 2547 quod
593 2470 757 2549 superest,
774 2460 885 2525 vacuis
902 2458 986 2527 datis
1006 2461 1087 2528 orba
1103 2460 1280 2554 sepulcris,

299 2575 525 2668 Absentesque
541 2575 668 2643 animas
684 2574 725 2644 ad
745 2577 857 2645 inania
874 2577 971 2645 busta
986 2577 1132 2646 vocatis?

300 2701 365 2766 Aut
385 2720 445 2764 vos
462 2697 654 2789 Cecropiam
672 2696 794 2792 (prope
816 2722 956 2791 namque
975 2712 1007 2767 et
1025 2698 1151 2768 Thesea
1169 2699 1258 2769 lama
1276 2721 1330 2773 est

298 2817 595 2886 Thermodontiaco
614 2816 723 2886 latum
741 2843 884 2888 remeare
899 2817 1082 2911 triumpho)

298 2936 484 3030 Imploratis
500 2936 622 3032 opem?
637 2937 723 3007 bello
740 2938 906 3031 cogendus
922 2951 954 3004 et
976 2939 1076 3005 armis

298 3059 336 3124 In
352 3082 459 3125 mores
478 3057 712 3151 hominemque
728 3061 872 3128 Creon.»
889 3057 943 3124 sic
960 3055 1066 3142 satus,
1086 3073 1120 3126 at
1140 3058 1203 3128 illis

297 3181 501 3246 Horruerant
522 3177 690 3271 lacrymae,
706 3177 895 3268 stupuitque
913 3176 1065 3245 immanis
1079 3178 1179 3246 eundi

297 3299 464 3390 Impetus,
483 3313 582 3389 atque
602 3321 668 3365 uno
686 3293 794 3362 vultus
810 3293 935 3388 pallore
955 3299 1069 3364 notati.

344 3419 419 3483 Non
440 3440 530 3484 secus
546 3415 671 3484 afflavit
686 3411 800 3481 molles
816 3417 843 3483 si
859 3415 992 3508 quomo
1009 3417 1167 3510 juvencas

295 3533 442 3627 Tigridis
463 3539 621 3627 Hyrcana
635 3535 785 3628 jejunum
808 3560 969 3624 murmur,
986 3551 1019 3605 et
1038 3538 1107 3629 ipse

294 3652 417 3721 Auditu
436 3653 589 3721 turbatur
605 3677 697 3747 ager3
718 3655 817 3723 timor
833 3656 987 3725 omnibns
1004 3659 1138 3751 ingens,

295 3773 377 3858 Quae
395 3770 539 3864 placeat,
557 3797 641 3864 quos
659 3771 716 3842 illa
733 3773 834 3843 fames
846 3774 1024 3844 descendat
1044 3777 1077 3843 in
1099 3801 1218 3845 armos.

342 3892 510 3960 Continuo
528 3891 651 3961 discors
667 3895 759 3961 vario
776 3897 936 3964 sententia
957 3910 1049 3964 motu

296 4012 487 4082 Scinditur:
507 4014 559 4084 his
573 4014 720 4103 Thebas,
739 4015 967 4110 tumidumque
981 4019 1105 4086 ambire
1125 4023 1290 4104 Creonta,
