2812 5258
60 440 96 500 n.
108 439 180 502 ns.)
378 434 589 491 rumonus
610 435 720 490 aman
740 435 790 489 vr.
1058 422 1092 509 qi

60 567 135 633 Jam
151 564 243 657 prior
257 559 428 646 OEclides,
442 574 475 628 et
486 562 556 653 jam
572 584 639 628 non
654 562 769 628 tertius
783 561 852 627 ibat

60 682 237 770 Admetus,
254 680 330 749 laxo
346 704 450 774 quum
467 679 598 748 tandem
615 705 656 749 ex
671 681 752 749 orbe
767 679 924 748 reductus

62 803 243 894 AEquoreus
263 802 394 894 sonipes
414 801 551 895 premit,
571 799 746 893 evaditque
765 824 944 894 parumper

61 923 202 991 Gavisos
219 947 227 988 ε
246 920 334 989 subit
349 936 438 989 astra
454 922 579 1016 fragor,
600 919 786 1013 coeiumquc
804 923 978 1004 tremiscit,

64 1042 251 1134 Omniaque
266 1064 401 1110 excusso
419 1057 555 1135 patuere
573 1039 687 1110 sedilia
704 1041 814 1136 vulgo.

64 1159 128 1230 sed
150 1185 209 1228 nec
228 1159 297 1229 lora
319 1161 422 1254 regit,
442 1185 503 1228 nec
524 1159 660 1227 verbera
680 1158 822 1253 pallidus
843 1159 935 1229 addit

64 1278 265 1364 Labdacides
286 1305 293 1346 :
316 1278 401 1346 lassa
421 1277 522 1346 veluti
543 1281 674 1347 ratione
690 1280 846 1373 magister

64 1404 105 1469 In
121 1399 257 1485 fluctus,
277 1400 312 1466 in
330 1421 408 1465 saxa
423 1398 506 1481 ruit3
523 1422 584 1466 nec
596 1400 665 1490 jam
679 1396 821 1490 amplius
837 1413 925 1467 astra

64 1519 224 1612 Respicit,
240 1532 274 1586 et
288 1518 408 1585 victam
422 1518 562 1610 projecit
575 1517 705 1586 casibus
719 1530 835 1586 artem.

114 1640 241 1705 Rursus
257 1637 441 1730 precipites
457 1637 491 1704 in
508 1651 597 1705 reeta
614 1661 652 1733 ac
668 1636 764 1705 devia
779 1637 886 1730 campi

66 1755 263 1850 Obliquant,
279 1755 484 1847 tenduntque
497 1757 581 1842 vias3
595 1758 715 1824 iterum
730 1756 846 1824 axibus
860 1780 935 1826 axes

65 1875 203 1963 luflicti,
223 1875 389 1966 radiisque
410 1888 489 1940 rotae
509 1900 517 1941 ε
537 1899 600 1967 pax
620 1874 727 1962 uuila,
747 1875 902 1968 fidesque.

68 1992 160 2061 Belia
174 1994 242 2087 geri
257 1991 346 2059 ferro
360 1989 480 2076 levius3
495 1990 583 2059 belia
596 1992 731 2061 horrida
744 1993 869 2063 credas

67 2117 100 2182 Is
117 2111 211 2180 furor
228 2113 261 2179 io
277 2109 375 2179 laude
391 2123 440 2178 est
458 2135 466 2177 τ
485 2110 673 2204 trepidant,-
691 2126 899 2205 mortemque
915 2114 1097 2198 minantur,

68 2229 243 2324 Multaque
261 2230 457 2298 transversis
474 2231 714 2324 prestringitur
731 2229 854 2324 ungula
871 2232 1005 2325 campis.

68 2353 138 2422 Nec
153 2352 221 2443 jam
240 2347 411 2417 sufficiunt
430 2345 573 2435 stimuli,
593 2372 661 2417 uon
683 2349 820 2418 verbera
839 2375 847 2416 ε
865 2374 946 2420 voce

69 2459 333 2561 nominibusque
348 2470 437 2536 cient
452 2465 599 2535 Pholoen
617 2466 792 2555 Admetus,
810 2483 843 2537 et
860 2471 929 2538 lrin

69 2587 292 2681 Funalemque
310 2587 444 2673 Thoen3
466 2585 619 2680 rapidum
640 2589 806 2657 Danaeius
826 2612 934 2682 augur

69 2708 233 2777 Ascheton
253 2706 478 2798 increpitans,
496 2706 717 2797 meritumque
736 2704 897 2774 vocabula
917 2709 1076 2798 Cycnum.

71 2826 173 2897 Audit
193 2841 226 2894 et
242 2823 442 2894 Herculeum
460 2826 617 2915 Strymon
633 2822 812 2909 Chromin,
827 2825 968 2892 Euneon
988 2822 1081 2892 audit

72 2949 190 3040 Ignem
209 2946 348 3014 AErchiou
369 2969 377 3013 ε
400 2943 533 3012 tardum
552 2938 721 3033 Calydone
741 2940 867 3011 lacessit

71 3065 321 3160 Hippodamus,
340 3065 535 3155 variumque
552 3061 663 3130 Thoas
683 3074 776 3153 rogat
797 3063 845 3128 ire
862 3060 1054 3132 Podarccrn,

73 3183 169 3253 Solus
189 3182 388 3253 Echionides
408 3196 538 3251 emente
556 3178 687 3249 silentio
707 3203 806 3249 curru

71 3307 191 3374 Moesta
212 3318 320 3388 tenet,
341 3301 536 3396 trepideque
556 3302 650 3368 timet
669 3324 703 3369 se
724 3324 804 3370 voce
823 3299 930 3371 fateri.

122 3423 266 3492 Vixdum
283 3435 413 3517 coeptus
430 3421 524 3513 equis
541 3418 652 3505 labor,
672 3433 706 3488 et
721 3420 790 3512 jam
808 3419 943 3512 pulvere
961 3438 1081 3514 quarto

71 3548 235 3638 Campum
253 3545 388 3626 ineunt;
403 3542 541 3634 jamque
555 3554 588 3609 et
608 3539 728 3632 tepidis
747 3538 925 3609 sudoribus
944 3556 1036 3614 artus

71 3663 203 3749 Effoeti3
221 3675 253 3730 et
271 3687 420 3733 crossum
440 3662 529 3755 rapit
546 3661 731 3753 ejectatquc
750 3684 905 3754 vaporem

72 3779 302 3876 Cornipedum
322 3780 487 3850 flammata
508 3781 581 3851 sitis
602 3805 610 3846 :
633 3804 693 3848 nec
709 3779 778 3871 jam
796 3781 922 3876 integer
944 3780 1008 3852 iliis

72 3907 239 3998 Impetus,
259 3913 293 3969 et
311 3896 401 3993 longi
421 3899 626 3994 suspendunt
646 3897 701 3968 ilia
719 3898 825 3970 ssatus.

126 4024 189 4091 Hic
207 4043 329 4114 anceps
345 4017 479 4088 fortuna
499 4018 556 4089 diu
575 4019 751 4089 decernere
767 4021 909 4111 primum
