2812 5258
188 438 304 502 Μὴ)
498 438 746 496 ACHILLEIDOS
769 438 881 494 unua
902 441 924 493 1.
1168 436 1222 492 adr

190 560 328 632 Peliacis
346 560 455 647 silvis,
474 561 672 654 nivibusque
692 563 828 629 immisit
846 559 1002 629 alendum

188 679 382 750 Thessaiieis
402 706 410 747 ε
433 705 539 772 neque
559 706 621 774 ego
637 682 697 748 hos
714 679 837 766 cultus,
853 695 911 747 aut
928 679 1014 748 foeda
1031 679 1190 748 subissem

188 796 362 894 Tegmina,
379 799 414 868 ni
431 801 539 893 primo
560 814 593 868 te
614 801 683 868 visa
703 801 736 867 in
758 797 855 868 litore
873 826 881 867 :
901 800 983 868 cessi

187 922 234 988 Te
251 934 387 1013 propter
406 946 413 987 :
436 920 495 988 tibi
516 945 618 1014 pensa
637 944 754 1006 manu,
772 921 831 987 tibi
852 918 964 988 mollia
982 933 1075 1013 gesto

187 1040 382 1132 Tympana:
401 1038 481 1132 quid
501 1037 600 1107 defles
616 1062 738 1131 magno
757 1062 860 1107 nurus
880 1037 993 1106 addita
1010 1038 1138 1132 ponto?

188 1157 279 1245 Quid
298 1160 403 1252 gemis
422 1159 571 1251 ingentes
591 1155 673 1224 eoeio
695 1158 844 1250 paritura
861 1158 1018 1251 nepotes?

187 1278 252 1347 Sed
270 1292 363 1371 pater
380 1292 458 1345 ante
478 1277 562 1371 igni,
582 1276 736 1369 ferroque
755 1278 862 1345 excisa
878 1277 1002 1371 jacebit

186 1400 321 1490 Scyros,
342 1411 376 1465 et
395 1399 429 1464 in
448 1395 591 1464 tumidas
609 1396 705 1465 ibunt
721 1396 790 1466 haee
807 1422 901 1466 versa
920 1396 1081 1491 proeelius

186 1517 329 1601 Moenia,
350 1539 449 1609 quam
464 1540 550 1583 saevo
568 1531 693 1585 meatu
712 1517 879 1586 connubia
899 1517 1017 1612 perdas

187 1639 316 1704 Funere
334 1662 341 1702 :
360 1661 427 1704 non
445 1634 529 1705 adeo
541 1637 729 1731 parebimus
741 1640 854 1707 omnia
871 1641 980 1708 metri.

187 1755 298 1840 Vade,
318 1755 375 1823 sed
392 1771 544 1849 ereptum
564 1771 689 1842 taceas,
707 1755 858 1851 celesque
875 1758 1046 1852 pudorem.
1062 1790 1079 1823 n

235 1874 419 1968 Obstupuit
438 1877 540 1943 tantis
558 1877 672 1970 regine
689 1878 846 1945 exterrita
866 1881 1041 1963 monstris,

186 1997 388 2089 Quanquam
408 1995 488 2064 olim
509 2012 660 2089 suspecta
680 1996 778 2083 fides,
796 2012 829 2065 et
847 2000 997 2066 cominus
1015 2002 1124 2092 ipsum

186 2117 394 2203 Horruit,·et
411 2112 555 2183 muitum
572 2115 671 2183 facies
692 2130 818 2184 mutata
836 2116 976 2185 fatentis.

186 2235 279 2322 Quid
300 2233 422 2303 faeiat?
439 2258 576 2302 meusne
596 2258 673 2303 suos
692 2236 776 2304 serat
797 2238 868 2330 ipsa
886 2237 1038 2329 parenti?

186 2357 292 2447 Seque
312 2353 428 2439 simui,
442 2354 665 2447 juvenemque
684 2371 827 2449 premat,
845 2356 991 2426 fortassis
1008 2357 1141 2427 acerbas

185 2478 375 2543 Haesurum
396 2473 533 2567 poeuas?
548 2488 581 2542 et
598 2473 709 2544 adhue
724 2477 759 2544 in
776 2475 878 2545 corde
898 2478 1052 2547 manebat

185 2592 244 2662 Ille
263 2593 321 2662 diu
339 2592 610 2688 deeeptus-amor
628 2621 636 2662 ε
656 2594 729 2664 silet
743 2620 848 2689 egra,
867 2599 1052 2692 premitque

184 2716 256 2781 Jam
279 2738 453 2781 commune
471 2713 562 2781 nefas
582 2738 590 2781 ε
608 2737 708 2781 unam
724 2713 833 2808 placet
847 2715 969 2784 addere
989 2716 1086 2785 furtis

185 2830 344 2900 Attricem
360 2833 498 2919 sociam,
512 2831 673 2925 precibus
693 2857 767 2926 quae
786 2834 872 2901 vieta
893 2832 1036 2903 duorum

185 2952 315 3021 Annuit
335 2976 343 3017 ε
361 2949 417 3018 itta
436 2965 510 3020 astu
529 2952 630 3020 tacite
647 2965 847 3046 raptumque
866 2952 1042 3047 pudorem,

185 3072 446 3165 Surgentemque
466 3086 615 3158 uterum,
633 3086 733 3164 atque
753 3097 857 3166 aegros
875 3075 909 3142 in
926 3075 1072 3169 pondere
1090 3102 1218 3147 menses
1296 3114 1301 3127 ·

185 3188 358 3277 Oceuiuit,
378 3187 484 3283 plenis
500 3188 604 3259 donee
623 3207 706 3260 stata
723 3206 873 3286 tempora
890 3197 985 3264 metis

185 3307 324 3395 Attulit,
343 3322 376 3377 et
392 3324 508 3402 partus
527 3307 625 3378 index
643 3312 770 3382 Lucina
787 3312 933 3383 resolvit.
