2812 5258
182 456 234 514 126
526 455 553 506 P.
579 455 698 510 PUBLII
720 444 853 508 srt'rn'

182 570 1222 603 mmmmmmummmmmwmmfflwfflmm

633 856 747 941 VIII.

401 1163 465 1231 ΑΙ)
488 1160 657 1230 JULIUM
683 1157 992 1227 MENECRATEM

583 1348 629 1396 OB
653 1346 808 1398 I’llObBM·

633 1614 762 1634 ...Φ-

239 1854 356 1919 Panon
372 1848 457 1917 lores
474 1851 655 1943 Superum,
673 1849 854 1941 vittataque
870 1846 990 1941 templa
1009 1849 1137 1919 Sabaeis

191 1968 340 2035 Nubibus
355 1983 387 2035 et
402 1967 564 2060 pecudum
581 1966 671 2033 fibris
686 1967 883 2059 spirantibus
902 1965 1016 2060 imple,

191 2085 394 2177 Parthenope
411 2111 419 2152 :
436 2082 515 2153 clari
533 2109 635 2178 genus
652 2109 725 2152 ecce
744 2087 939 2152 Menecratis
955 2096 1064 2177 auget

193 2205 301 2270 Tertia
317 2205 383 2295 jam
400 2204 527 2270 soboles
546 2228 554 2269 ε
574 2227 746 2295 procerum
763 2203 821 2270 tibi
839 2201 947 2271 nobile
964 2202 1083 2296 vulgus

194 2322 337 2403 Crescit,
356 2335 389 2387 et
409 2322 513 2387 insani
533 2319 656 2388 solatur
676 2319 794 2387 damna
813 2322 941 2388 Vesevi.

241 2439 309 2504 Nec
327 2436 433 2503 solum
453 2437 550 2504 festas
572 2453 697 2506 secreta
716 2437 872 2530 Neapolis
893 2463 964 2506 aras

195 2555 325 2622 Ambiat
347 2581 354 2620 :
375 2567 407 2621 et
425 2555 503 2621 socii
522 2568 656 2646 portus,
676 2554 859 2648 dilectaque
877 2557 964 2624 mitis

194 2676 293 2740 Terra
312 2673 515 2756 Dicarcheae,
534 2697 677 2740 necnon
698 2672 793 2767 plaga
810 2699 885 2742 cara
905 2674 1051 2743 madenti

195 2793 388 2858 Surrentina
407 2794 477 2858 Deo
497 2792 590 2858 sertis
609 2788 724 2859 altaria
742 2794 872 2886 cingat3

195 2911 337 2975 Materni
358 2933 422 2999 qua
442 2907 519 2976 litus
540 2910 611 2994 avi,
633 2934 728 3000 quem
750 2910 846 2978 turba
867 2927 1022 3004 nepotum

196 3026 341 3108 Circuit,
360 3040 393 3092 et
413 3026 533 3093 similes
552 3029 721 3095 contendit
741 3029 877 3095 reddere
894 3028 1013 3097 vultus.

197 3142 346 3210 Gaudeat
365 3160 397 3210 et
416 3146 538 3237 Libyca
558 3147 724 3238 praesignis
745 3145 924 3214 avunculus
940 3148 1053 3231 basta3

197 3264 344 3353 Quaeque
360 3263 420 3329 sibi
436 3265 562 3356 genitos
579 3279 692 3355 putat,
711 3263 896 3356 attollitque
912 3266 1056 3357 benigno

198 3376 289 3446 Polla
307 3380 390 3447 sinu.
411 3384 540 3467 Macte,
563 3384 747 3474 ojuvcnis,
769 3385 824 3474 qui
846 3398 937 3450 tanta
957 3385 1097 3452 merenti

199 3499 340 3565 Lumina
359 3498 415 3563 das
434 3501 555 3588 patriae.
576 3501 675 3568 Dulci
696 3501 806 3568 fremit
824 3527 899 3569 ecce
918 3498 1062 3569 tumultu

199 3618 262 3682 Tot
280 3615 420 3683 dominis
438 3616 575 3683 clamata
597 3617 713 3686 domus
731 3645 738 3685 :
757 3619 871 3712 procul
888 3635 958 3687 atra
975 3618 1106 3688 recedat

199 3734 346 3814 Invidia,
366 3748 464 3825 atque
483 3733 547 3802 alio
567 3735 697 3805 liventia
720 3753 850 3829 pectora
866 3738 984 3805 flectat.

200 3855 258 3920 His
276 3854 422 3935 senium,
441 3851 609 3945 longaeque
630 3856 730 3922 decus
750 3857 900 3941 virtutis,
921 3869 953 3922 et
970 3855 1041 3922 alba

200 3977 360 4064 Atropos,
379 3986 411 4038 et
431 3974 555 4062 patrius
575 3972 683 4041 lauros
700 3976 863 4065 promittit
883 3972 1010 4065 Apollo.
