2812 5258
93 448 127 510 (v.
141 448 213 512 ⁵9⁴)
403 449 618 506 THEBAIDOS
639 452 748 507 LIBER
770 453 818 506 lV.
1102 471 1136 508 21

94 583 267 673 Pugnaces
282 574 419 669 animae)
440 577 535 645 nobis
556 579 589 645 in
608 580 770 672 sanguiue
788 576 894 646 multo

93 702 249 790 Oraque,
268 712 484 793 pectoraque,
503 713 536 766 et
553 697 635 767 falso
651 697 795 768 clamore
813 698 937 767 levatas

87 795 279 886 'lutendunt
295 817 366 886 sine
386 842 468 911 pace
486 818 627 886 manus?
642 844 716 903 rex,
735 817 853 906 fallor,
875 845 918 887 an
938 819 1069 888 bisunt

93 938 349 1032 Quinquaginta
372 935 447 1006 illi?
470 941 578 1008 cernis
596 940 872 1033 Chthoniumque
890 940 1144 1030 Chrominque,

94 1059 311 1155 Phegeaque,
330 1074 364 1129 et
390 1074 504 1128 nostra
523 1056 719 1155 praesignem
739 1063 869 1128 Maeona
887 1058 992 1128 lauro.

96 1182 149 1248 Ne
164 1180 297 1266 saevite,
320 1179 422 1249 duces
444 1206 452 1247 ε
475 1179 559 1248 nihil
576 1181 632 1251 hie
649 1180 847 1249 mortalibus
866 1205 983 1250 ausum

96 1298 233 1369 Credite
250 1299 398 1369 consiliis
419 1327 427 1368 :
445 1301 506 1368 bos
525 1300 632 1370 ferrea
649 1318 786 1371 neverat
806 1327 913 1370 annos

96 1426 266 1514 Atropos:
288 1422 400 1490 existis
418 1446 513 1491 casus
536 1447 544 1489 ε
567 1420 653 1491 bella
671 1422 808 1491 horrida
825 1424 937 1505 nobis,

98 1547 211 1637 Atque
229 1544 352 1612 iterum
372 1543 514 1638 Tydeus.
527 1576 545 1611 a
564 1544 680 1632 Dixit,
696 1548 847 1638 vittaque
864 1544 976 1640 ligatis

98 1663 288 1733 Frondibus
305 1665 468 1735 instantes
487 1667 608 1759 abigit,
625 1682 857 1759 monstratque
873 1690 1037 1748 eruorem.

147 1784 262 1856 Stabat
283 1789 380 1881 inops
397 1789 558 1856 comitum
578 1791 695 1881 Cocyti
712 1790 747 1855 in
764 1786 862 1856 litore
881 1801 998 1856 moesto

102 1907 224 1994 Laius,
241 1908 363 1975 immiti
379 1932 479 1998 quem
493 1909 561 1999 jain
581 1912 673 1976 Deus
690 1907 757 1976 ales
774 1912 908 1977 Averno

100 2025 327 2112 Reddiderat,
347 2024 527 2120 dirumque
547 2042 644 2095 tuens
665 2027 802 2120 obliqua
820 2044 974 2123 nepotem
1028 2082 1031 2087 -

101 2147 244 2241 (Noscit
263 2147 352 2214 enim
370 2144 504 2241 vultu),
524 2173 591 2215 non
610 2145 665 2215 ille
684 2163 743 2215 aut
760 2150 931 2242 sanguinis
950 2150 1104 2236 haustus,

102 2271 231 2336 Caetera
251 2291 312 2335 ceu
332 2266 465 2361 plebes,
486 2265 632 2336 aliumve
652 2269 782 2337 aceedit
801 2268 842 2338 ad
860 2270 1015 2353 imbrem,

103 2386 295 2457 Immortalc
315 2386 431 2456 odium
452 2390 582 2482 spirans
603 2415 611 2455 :
633 2388 691 2457 sed
711 2388 844 2484 prolicit
866 2389 955 2458 ultro

104 2511 231 2579 Aonius
248 2524 365 2578 vates:
391 2539 408 2573 a
423 2510 530 2603 Tyriae
551 2509 619 2577 dux
639 2508 761 2602 inclyte
782 2510 928 2598 Thebes,

105 2632 210 2725 Cujus
226 2633 268 2700 ab
288 2633 425 2702 interitu
445 2655 512 2699 non
532 2628 601 2699 ulla
617 2633 817 2725 Amphionis
838 2658 930 2700 arces

106 2751 199 2821 Vidit
216 2753 323 2820 amica
339 2752 409 2819 dies
427 2777 435 2818 ε
456 2777 476 2819 o
490 2753 560 2845 jam
581 2753 660 2818 satis
677 2749 745 2819 ulte
762 2766 940 2819 cruentum

16 2866 24 2877 ’
105 2875 274 2960 Exitium,
292 2887 326 2942 et
342 2870 489 2941 multum
508 2869 639 2966 placata
658 2870 845 2938 minoribus
865 2870 1001 2956 umbra,

105 2995 221 3083 Quos,
239 2993 446 3078 miserande,
468 2991 584 3086 fugis?
601 2993 688 3084 jacet
710 2988 764 3058 ille
784 2993 818 3059 in
837 2990 954 3059 funere
977 2989 1078 3086 longo

106 3115 218 3203 Quem
238 3116 378 3208 premis,
395 3130 427 3183 ct
441 3115 568 3207 junctae
585 3115 686 3181 sentit
703 3110 849 3181 confinia
870 3113 1006 3196 mortis,

107 3236 246 3306 Obsitus
262 3236 441 3304 exhaustos
457 3233 582 3328 pedore
597 3248 631 3302 ct
650 3235 812 3326 sanguiue
835 3231 966 3315 vultus,

107 3357 310 3449 Ejectusque
328 3355 383 3423 die
405 3380 413 3422 :
432 3381 503 3423 sors
526 3354 591 3423 loto
610 3353 727 3422 durior
745 3355 856 3440 omni,

108 3477 217 3548 Crede
236 3478 318 3546 mibi
338 3503 346 3545 :
368 3501 521 3569 quaenam
542 3477 745 3543 immeritum
764 3476 868 3543 vitare
886 3489 1042 3568 nepotem

108 3602 217 3669 Causa
236 3598 319 3667 tibi?
338 3597 453 3666 confer
475 3594 625 3679 vultum,
643 3611 677 3664 et
692 3598 813 3665 satiare
833 3595 941 3664 litanti

108 3720 296 3812 Sanguine,
315 3734 542 3811 venturasque
560 3720 663 3804 vices,
680 3733 713 3785 et
735 3718 852 3786 funcra
869 3714 948 3783 belli

108 3838 224 3909 Pande
243 3837 293 3906 vcl
314 3839 478 3925 infensus,
500 3837 551 3907 vel
573 3866 624 3907 res
645 3840 800 3907 miserate
818 3852 966 3903 tuorum.

108 3960 206 4028 Tunc
225 3984 289 4053 ego
307 3973 340 4027 te
356 3974 470 4052 optata
492 3960 627 4027 vetitam
646 3959 874 4027 transmittere
895 3956 1023 4022 Lethon

111 4082 230 4175 Puppe
247 4078 354 4166 dabo,
374 4079 612 4175 placidumque
633 4080 687 4172 pia
705 4075 825 4146 tellure
842 4098 1022 4167 reponam,
