<?xml version="1.0" encoding="UTF-8"?>
<!DOCTYPE html PUBLIC "-//W3C//DTD XHTML 1.0 Transitional//EN"
    "http://www.w3.org/TR/xhtml1/DTD/xhtml1-transitional.dtd">
<html xmlns="http://www.w3.org/1999/xhtml" xml:lang="en" lang="en">
 <head>
  <title>
</title>
<meta http-equiv="Content-Type" content="text/html;charset=utf-8" />
  <meta name='ocr-system' content='tesseract 3.04.00' />
  <meta name='ocr-capabilities' content='ocr_page ocr_carea ocr_par ocr_line ocrx_word'/>
</head>
<body>
  <div class='ocr_page' id='page_1' title='image "./publiipapiniist01statgoog_0132.png"; bbox 0 0 2812 5258; ppageno 0'>
   <div class='ocr_carea' id='block_1_1' title="bbox 317 456 980 521">
    <p class='ocr_par' dir='ltr' id='par_1_1' title="bbox 317 456 980 521">
     <span class='ocr_line' id='line_1_1' title="bbox 317 456 980 521; baseline 0.002 -11"><span class='ocrx_word' id='word_1_1' title='bbox 317 461 368 521; x_wconf 73' lang='lat'><strong>144</strong></span> <span class='ocrx_word' id='word_1_2' title='bbox 666 459 695 510; x_wconf 87' lang='lat' dir='ltr'><strong>P.</strong></span> <span class='ocrx_word' id='word_1_3' title='bbox 717 456 839 511; x_wconf 83' lang='lat' dir='ltr'>PUBLII</span> <span class='ocrx_word' id='word_1_4' title='bbox 858 456 980 511; x_wconf 71' lang='lat' dir='ltr'><strong>suurn</strong></span> 
     </span>
    </p>
   </div>
   <div class='ocr_carea' id='block_1_2' title="bbox 313 575 1342 609">
    <p class='ocr_par' dir='ltr' id='par_1_2' title="bbox 313 575 1342 609">
     <span class='ocr_line' id='line_1_2' title="bbox 313 575 1342 609; baseline 0.011 -11"><span class='ocrx_word' id='word_1_5' title='bbox 313 575 1342 609; x_wconf 56' lang='lat' dir='ltr'><strong>MWWMMWMMVWWMMWMWOAW</strong></span> 
     </span>
    </p>
   </div>
   <div class='ocr_carea' id='block_1_3' title="bbox 794 854 847 937">
    <p class='ocr_par' dir='ltr' id='par_1_3' title="bbox 794 854 847 937">
     <span class='ocr_line' id='line_1_3' title="bbox 794 854 847 937; baseline -0.038 0"><span class='ocrx_word' id='word_1_6' title='bbox 794 854 847 937; x_wconf 92' lang='grc' dir='ltr'><strong>ΙΙ.</strong></span> 
     </span>
    </p>
   </div>
   <div class='ocr_carea' id='block_1_4' title="bbox 468 1157 1173 1228">
    <p class='ocr_par' dir='ltr' id='par_1_4' title="bbox 468 1157 1173 1228">
     <span class='ocr_line' id='line_1_4' title="bbox 468 1157 1173 1228; baseline 0.007 -5"><span class='ocrx_word' id='word_1_7' title='bbox 468 1157 807 1225; x_wconf 78' lang='lat' dir='ltr'><strong>PROTREPI&#39;ICON</strong></span> <span class='ocrx_word' id='word_1_8' title='bbox 833 1158 894 1223; x_wconf 83' lang='lat' dir='ltr'><strong>AD</strong></span> <span class='ocrx_word' id='word_1_9' title='bbox 919 1157 1173 1228; x_wconf 87' lang='lat' dir='ltr'><strong>CRISPINUM.</strong></span> 
     </span>
    </p>
   </div>
   <div class='ocr_carea' id='block_1_5' title="bbox 283 1768 1341 4123">
    <p class='ocr_par' dir='ltr' id='par_1_5' title="bbox 362 1768 1212 1865">
     <span class='ocr_line' id='line_1_5' title="bbox 362 1768 1212 1865; baseline -0.002 -23"><span class='ocrx_word' id='word_1_10' title='bbox 362 1777 462 1842; x_wconf 75' lang='lat' dir='ltr'><strong>unm</strong></span> <span class='ocrx_word' id='word_1_11' title='bbox 482 1797 573 1840; x_wconf 91' lang='lat' dir='ltr'><strong>meus</strong></span> <span class='ocrx_word' id='word_1_12' title='bbox 590 1771 759 1865; x_wconf 86' lang='lat' dir='ltr'><strong>Tyrrhena</strong></span> <span class='ocrx_word' id='word_1_13' title='bbox 779 1771 877 1863; x_wconf 89' lang='lat' dir='ltr'><strong>petit,</strong></span> <span class='ocrx_word' id='word_1_14' title='bbox 898 1768 1062 1862; x_wconf 87' lang='lat' dir='ltr'><strong>saltusque</strong></span> <span class='ocrx_word' id='word_1_15' title='bbox 1081 1774 1212 1865; x_wconf 82' lang='lat' dir='ltr'><strong>Tagetis</strong></span> 
     </span>
    </p>

    <p class='ocr_par' dir='ltr' id='par_1_6' title="bbox 283 1889 1202 1986">
     <span class='ocr_line' id='line_1_6' title="bbox 283 1889 1202 1986; baseline 0 -25"><span class='ocrx_word' id='word_1_16' title='bbox 283 1934 285 1938; x_wconf 57' lang='lat'>&gt;</span> <span class='ocrx_word' id='word_1_17' title='bbox 314 1894 512 1986; x_wconf 90' lang='lat' dir='ltr'><strong>Crispinus:</strong></span> <span class='ocrx_word' id='word_1_18' title='bbox 531 1916 590 1959; x_wconf 90' lang='lat' dir='ltr'><strong>nee</strong></span> <span class='ocrx_word' id='word_1_19' title='bbox 611 1891 708 1985; x_wconf 82' lang='lat' dir='ltr'><strong>longa</strong></span> <span class='ocrx_word' id='word_1_20' title='bbox 728 1915 819 1958; x_wconf 90' lang='lat' dir='ltr'><strong>mora</strong></span> <span class='ocrx_word' id='word_1_21' title='bbox 840 1904 903 1973; x_wconf 91' lang='lat' dir='ltr'><strong>est,</strong></span> <span class='ocrx_word' id='word_1_22' title='bbox 921 1904 979 1957; x_wconf 87' lang='lat' dir='ltr'><strong>aut</strong></span> <span class='ocrx_word' id='word_1_23' title='bbox 998 1891 1070 1959; x_wconf 90' lang='lat' dir='ltr'><strong>avia</strong></span> <span class='ocrx_word' id='word_1_24' title='bbox 1090 1889 1202 1976; x_wconf 88' lang='lat' dir='ltr'><strong>tellus;</strong></span> 
     </span>
    </p>

    <p class='ocr_par' dir='ltr' id='par_1_7' title="bbox 313 2007 1100 2101">
     <span class='ocr_line' id='line_1_7' title="bbox 313 2007 1100 2101; baseline -0.005 -20"><span class='ocrx_word' id='word_1_25' title='bbox 313 2012 377 2083; x_wconf 89' lang='lat' dir='ltr'><strong>Sed</strong></span> <span class='ocrx_word' id='word_1_26' title='bbox 397 2037 468 2080; x_wconf 86' lang='lat' dir='ltr'><strong>mea</strong></span> <span class='ocrx_word' id='word_1_27' title='bbox 489 2024 613 2080; x_wconf 88' lang='lat' dir='ltr'><strong>secreto</strong></span> <span class='ocrx_word' id='word_1_28' title='bbox 633 2007 801 2077; x_wconf 89' lang='lat' dir='ltr'><strong>velluntur</strong></span> <span class='ocrx_word' id='word_1_29' title='bbox 821 2024 954 2101; x_wconf 83' lang='lat' dir='ltr'><strong>pectora</strong></span> <span class='ocrx_word' id='word_1_30' title='bbox 973 2033 1100 2096; x_wconf 90' lang='lat' dir='ltr'><strong>morsu,</strong></span> 
     </span>
    </p>

    <p class='ocr_par' dir='ltr' id='par_1_8' title="bbox 314 2127 1126 2225">
     <span class='ocr_line' id='line_1_8' title="bbox 314 2127 1126 2225; baseline -0.005 -25"><span class='ocrx_word' id='word_1_31' title='bbox 314 2132 453 2225; x_wconf 88' lang='lat' dir='ltr'><strong>Udaque</strong></span> <span class='ocrx_word' id='word_1_32' title='bbox 472 2144 640 2224; x_wconf 82' lang='lat' dir='ltr'><strong>turgentes</strong></span> <span class='ocrx_word' id='word_1_33' title='bbox 661 2127 835 2222; x_wconf 92' lang='lat' dir='ltr'><strong>impellunt</strong></span> <span class='ocrx_word' id='word_1_34' title='bbox 854 2127 979 2196; x_wconf 90' lang='lat' dir='ltr'><strong>lumina</strong></span> <span class='ocrx_word' id='word_1_35' title='bbox 999 2143 1126 2222; x_wconf 82' lang='lat' dir='ltr'><strong>guttas,</strong></span> 
     </span>
    </p>

    <p class='ocr_par' dir='ltr' id='par_1_9' title="bbox 314 2248 1053 2343">
     <span class='ocr_line' id='line_1_9' title="bbox 314 2248 1053 2343; baseline -0.008 -23"><span class='ocrx_word' id='word_1_36' title='bbox 314 2254 382 2320; x_wconf 89' lang='lat' dir='ltr'><strong>Ceu</strong></span> <span class='ocrx_word' id='word_1_37' title='bbox 399 2274 498 2342; x_wconf 91' lang='lat' dir='ltr'><strong>super</strong></span> <span class='ocrx_word' id='word_1_38' title='bbox 513 2251 634 2343; x_wconf 79' lang='lat' dir='ltr'><strong>AEgaeas</strong></span> <span class='ocrx_word' id='word_1_39' title='bbox 650 2248 772 2316; x_wconf 83' lang='lat' dir='ltr'><strong>hiemes</strong></span> <span class='ocrx_word' id='word_1_40' title='bbox 789 2248 939 2316; x_wconf 90' lang='lat' dir='ltr'><strong>abeuntis</strong></span> <span class='ocrx_word' id='word_1_41' title='bbox 957 2249 1053 2316; x_wconf 90' lang='lat' dir='ltr'><strong>amici</strong></span> 
     </span>
    </p>

    <p class='ocr_par' dir='ltr' id='par_1_10' title="bbox 314 2366 1270 2462">
     <span class='ocr_line' id='line_1_10' title="bbox 314 2366 1270 2462; baseline 0.001 -25"><span class='ocrx_word' id='word_1_42' title='bbox 314 2367 396 2437; x_wconf 91' lang='lat' dir='ltr'><strong>Vela</strong></span> <span class='ocrx_word' id='word_1_43' title='bbox 416 2393 548 2462; x_wconf 90' lang='lat' dir='ltr'><strong>sequar,</strong></span> <span class='ocrx_word' id='word_1_44' title='bbox 568 2382 777 2460; x_wconf 83' lang='lat' dir='ltr'><strong>spectemque</strong></span> <span class='ocrx_word' id='word_1_45' title='bbox 798 2382 902 2435; x_wconf 90' lang='lat' dir='ltr'><strong>ratem</strong></span> <span class='ocrx_word' id='word_1_46' title='bbox 920 2367 988 2460; x_wconf 88' lang='lat' dir='ltr'><strong>jam</strong></span> <span class='ocrx_word' id='word_1_47' title='bbox 1008 2366 1110 2436; x_wconf 88' lang='lat' dir='ltr'><strong>fessus</strong></span> <span class='ocrx_word' id='word_1_48' title='bbox 1130 2368 1171 2436; x_wconf 91' lang='lat' dir='ltr'><strong>ab</strong></span> <span class='ocrx_word' id='word_1_49' title='bbox 1192 2366 1270 2438; x_wconf 85' lang='lat' dir='ltr'><strong>altis</strong></span> 
     </span>
    </p>

    <p class='ocr_par' dir='ltr' id='par_1_11' title="bbox 313 2483 1194 2699">
     <span class='ocr_line' id='line_1_11' title="bbox 313 2483 1194 2580; baseline 0 -25"><span class='ocrx_word' id='word_1_50' title='bbox 313 2487 478 2580; x_wconf 85' lang='lat' dir='ltr'><strong>Rupibus,</strong></span> <span class='ocrx_word' id='word_1_51' title='bbox 499 2499 598 2578; x_wconf 87' lang='lat' dir='ltr'><strong>atque</strong></span> <span class='ocrx_word' id='word_1_52' title='bbox 614 2484 726 2553; x_wconf 89' lang='lat' dir='ltr'><strong>oeulos</strong></span> <span class='ocrx_word' id='word_1_53' title='bbox 746 2483 845 2579; x_wconf 84' lang='lat' dir='ltr'><strong>longo</strong></span> <span class='ocrx_word' id='word_1_54' title='bbox 863 2510 983 2577; x_wconf 89' lang='lat' dir='ltr'><strong>querar</strong></span> <span class='ocrx_word' id='word_1_55' title='bbox 1003 2511 1077 2555; x_wconf 87' lang='lat' dir='ltr'><strong>aere</strong></span> <span class='ocrx_word' id='word_1_56' title='bbox 1096 2489 1194 2556; x_wconf 90' lang='lat' dir='ltr'><strong>vinci.</strong></span> 
     </span>
     <span class='ocr_line' id='line_1_12' title="bbox 361 2602 1192 2699; baseline 0.002 -26"><span class='ocrx_word' id='word_1_57' title='bbox 361 2604 461 2693; x_wconf 88' lang='lat' dir='ltr'><strong>Quod</strong></span> <span class='ocrx_word' id='word_1_58' title='bbox 480 2605 506 2672; x_wconf 91' lang='lat' dir='ltr'><strong>si</strong></span> <span class='ocrx_word' id='word_1_59' title='bbox 526 2602 651 2671; x_wconf 81' lang='lat' dir='ltr'><strong>militiae</strong></span> <span class='ocrx_word' id='word_1_60' title='bbox 669 2604 736 2696; x_wconf 90' lang='lat' dir='ltr'><strong>jam</strong></span> <span class='ocrx_word' id='word_1_61' title='bbox 758 2618 804 2690; x_wconf 89' lang='lat' dir='ltr'><strong>te,</strong></span> <span class='ocrx_word' id='word_1_62' title='bbox 823 2628 905 2696; x_wconf 92' lang='lat' dir='ltr'><strong>puer</strong></span> <span class='ocrx_word' id='word_1_63' title='bbox 924 2603 1057 2698; x_wconf 90' lang='lat' dir='ltr'><strong>inclyte,</strong></span> <span class='ocrx_word' id='word_1_64' title='bbox 1078 2607 1192 2699; x_wconf 76' lang='lat' dir='ltr'><strong>primae</strong></span> 
     </span>
    </p>

    <p class='ocr_par' dir='ltr' id='par_1_12' title="bbox 314 2722 1154 2808">
     <span class='ocr_line' id='line_1_13' title="bbox 314 2722 1154 2808; baseline 0.001 -15"><span class='ocrx_word' id='word_1_65' title='bbox 314 2723 412 2794; x_wconf 92' lang='lat' dir='ltr'><strong>Clara</strong></span> <span class='ocrx_word' id='word_1_66' title='bbox 432 2723 633 2808; x_wconf 89' lang='lat' dir='ltr'><strong>rudimenta,</strong></span> <span class='ocrx_word' id='word_1_67' title='bbox 652 2737 686 2790; x_wconf 91' lang='lat' dir='ltr'><strong>et</strong></span> <span class='ocrx_word' id='word_1_68' title='bbox 704 2735 885 2790; x_wconf 89' lang='lat' dir='ltr'><strong>castrorum</strong></span> <span class='ocrx_word' id='word_1_69' title='bbox 906 2722 1003 2792; x_wconf 83' lang='lat' dir='ltr'><strong>dulce</strong></span> <span class='ocrx_word' id='word_1_70' title='bbox 1021 2741 1154 2794; x_wconf 88' lang='lat' dir='ltr'><strong>vocaret</strong></span> 
     </span>
    </p>

    <p class='ocr_par' dir='ltr' id='par_1_13' title="bbox 312 2841 1106 2937">
     <span class='ocr_line' id='line_1_14' title="bbox 312 2841 1106 2937; baseline 0.003 -26"><span class='ocrx_word' id='word_1_71' title='bbox 312 2845 518 2934; x_wconf 81' lang='lat' dir='ltr'><strong>Auspicium,</strong></span> <span class='ocrx_word' id='word_1_72' title='bbox 536 2856 661 2935; x_wconf 89' lang='lat' dir='ltr'><strong>quanto</strong></span> <span class='ocrx_word' id='word_1_73' title='bbox 678 2857 851 2910; x_wconf 84' lang='lat' dir='ltr'><strong>manarent</strong></span> <span class='ocrx_word' id='word_1_74' title='bbox 871 2841 990 2937; x_wconf 82' lang='lat' dir='ltr'><strong>gaudia</strong></span> <span class='ocrx_word' id='word_1_75' title='bbox 1011 2843 1106 2932; x_wconf 89' lang='lat' dir='ltr'><strong>fletu,</strong></span> 
     </span>
    </p>

    <p class='ocr_par' dir='ltr' id='par_1_14' title="bbox 313 2958 1341 3058">
     <span class='ocr_line' id='line_1_15' title="bbox 313 2958 1341 3058; baseline 0.005 -30"><span class='ocrx_word' id='word_1_76' title='bbox 313 2961 448 3048; x_wconf 83' lang='lat' dir='ltr'><strong>Quosve</strong></span> <span class='ocrx_word' id='word_1_77' title='bbox 465 2959 575 3028; x_wconf 89' lang='lat' dir='ltr'><strong>darem</strong></span> <span class='ocrx_word' id='word_1_78' title='bbox 592 2958 775 3054; x_wconf 85' lang='lat' dir='ltr'><strong>amplexus!</strong></span> <span class='ocrx_word' id='word_1_79' title='bbox 796 2963 938 3030; x_wconf 88' lang='lat' dir='ltr'><strong>etiamne</strong></span> <span class='ocrx_word' id='word_1_80' title='bbox 954 2961 1098 3055; x_wconf 92' lang='lat' dir='ltr'><strong>optanda</strong></span> <span class='ocrx_word' id='word_1_81' title='bbox 1113 2962 1341 3058; x_wconf 81' lang='lat' dir='ltr'><strong>propinquant</strong></span> 
     </span>
    </p>

    <p class='ocr_par' dir='ltr' id='par_1_15' title="bbox 312 3079 1152 3173">
     <span class='ocr_line' id='line_1_16' title="bbox 312 3079 1152 3173; baseline 0.002 -25"><span class='ocrx_word' id='word_1_82' title='bbox 312 3079 451 3148; x_wconf 75' lang='lat' dir='ltr'><strong>Tristia?</strong></span> <span class='ocrx_word' id='word_1_83' title='bbox 469 3083 511 3149; x_wconf 87' lang='lat' dir='ltr'><strong>Et</strong></span> <span class='ocrx_word' id='word_1_84' title='bbox 531 3094 667 3148; x_wconf 87' lang='lat' dir='ltr'><strong>octonos</strong></span> <span class='ocrx_word' id='word_1_85' title='bbox 687 3080 738 3148; x_wconf 91' lang='lat' dir='ltr'><strong>bis</strong></span> <span class='ocrx_word' id='word_1_86' title='bbox 755 3081 823 3173; x_wconf 89' lang='lat' dir='ltr'><strong>jam</strong></span> <span class='ocrx_word' id='word_1_87' title='bbox 845 3082 904 3149; x_wconf 90' lang='lat' dir='ltr'><strong>tibi</strong></span> <span class='ocrx_word' id='word_1_88' title='bbox 923 3082 1038 3150; x_wconf 90' lang='lat' dir='ltr'><strong>circuit</strong></span> <span class='ocrx_word' id='word_1_89' title='bbox 1058 3082 1152 3150; x_wconf 85' lang='lat' dir='ltr'><strong>orbes</strong></span> 
     </span>
    </p>

    <p class='ocr_par' dir='ltr' id='par_1_16' title="bbox 312 3199 1111 3294">
     <span class='ocr_line' id='line_1_17' title="bbox 312 3199 1111 3294; baseline -0.003 -25"><span class='ocrx_word' id='word_1_90' title='bbox 312 3199 404 3284; x_wconf 61' lang='lat' dir='ltr'><strong>vine</strong></span> <span class='ocrx_word' id='word_1_91' title='bbox 424 3199 482 3268; x_wconf 89' lang='lat' dir='ltr'><strong>sed</strong></span> <span class='ocrx_word' id='word_1_92' title='bbox 502 3199 647 3294; x_wconf 81' lang='lat' dir='ltr'><strong>angustis</strong></span> <span class='ocrx_word' id='word_1_93' title='bbox 667 3201 796 3268; x_wconf 88' lang='lat' dir='ltr'><strong>animus</strong></span> <span class='ocrx_word' id='word_1_94' title='bbox 816 3201 983 3269; x_wconf 91' lang='lat' dir='ltr'><strong>robustior</strong></span> <span class='ocrx_word' id='word_1_95' title='bbox 1004 3202 1111 3288; x_wconf 91' lang='lat' dir='ltr'><strong>annis,</strong></span> 
     </span>
    </p>

    <p class='ocr_par' dir='ltr' id='par_1_17' title="bbox 314 3319 1267 3529">
     <span class='ocr_line' id='line_1_18' title="bbox 314 3319 1267 3413; baseline 0 -25"><span class='ocrx_word' id='word_1_96' title='bbox 314 3319 573 3412; x_wconf 89' lang='lat' dir='ltr'><strong>Succumbitque</strong></span> <span class='ocrx_word' id='word_1_97' title='bbox 587 3321 696 3403; x_wconf 89' lang='lat' dir='ltr'><strong>oneri,</strong></span> <span class='ocrx_word' id='word_1_98' title='bbox 711 3334 743 3388; x_wconf 89' lang='lat' dir='ltr'><strong>et</strong></span> <span class='ocrx_word' id='word_1_99' title='bbox 760 3335 903 3388; x_wconf 89' lang='lat' dir='ltr'><strong>mentem</strong></span> <span class='ocrx_word' id='word_1_100' title='bbox 920 3344 979 3386; x_wconf 89' lang='lat' dir='ltr'><strong>sua</strong></span> <span class='ocrx_word' id='word_1_101' title='bbox 994 3343 1061 3386; x_wconf 92' lang='lat' dir='ltr'><strong>non</strong></span> <span class='ocrx_word' id='word_1_102' title='bbox 1075 3320 1164 3413; x_wconf 88' lang='lat' dir='ltr'><strong>capit</strong></span> <span class='ocrx_word' id='word_1_103' title='bbox 1178 3333 1267 3388; x_wconf 78' lang='lat' dir='ltr'><strong>aetas.</strong></span> 
     </span>
     <span class='ocr_line' id='line_1_19' title="bbox 359 3437 1218 3529; baseline -0.001 -22"><span class='ocrx_word' id='word_1_104' title='bbox 359 3439 430 3508; x_wconf 84' lang='lat' dir='ltr'><strong>Nec</strong></span> <span class='ocrx_word' id='word_1_105' title='bbox 447 3438 569 3505; x_wconf 90' lang='lat' dir='ltr'><strong>mirum</strong></span> <span class='ocrx_word' id='word_1_106' title='bbox 586 3463 593 3503; x_wconf 94' lang='lat'><strong>:</strong></span> <span class='ocrx_word' id='word_1_107' title='bbox 611 3463 678 3506; x_wconf 93' lang='lat' dir='ltr'><strong>nou</strong></span> <span class='ocrx_word' id='word_1_108' title='bbox 696 3453 728 3506; x_wconf 91' lang='lat' dir='ltr'><strong>te</strong></span> <span class='ocrx_word' id='word_1_109' title='bbox 746 3438 844 3506; x_wconf 91' lang='lat' dir='ltr'><strong>series</strong></span> <span class='ocrx_word' id='word_1_110' title='bbox 864 3437 1025 3504; x_wconf 89' lang='lat' dir='ltr'><strong>inhonora</strong></span> <span class='ocrx_word' id='word_1_111' title='bbox 1041 3451 1218 3529; x_wconf 90' lang='lat' dir='ltr'><strong>parentum</strong></span> 
     </span>
    </p>

    <p class='ocr_par' dir='ltr' id='par_1_18' title="bbox 312 3553 1140 3648">
     <span class='ocr_line' id='line_1_20' title="bbox 312 3553 1140 3648; baseline -0.004 -21"><span class='ocrx_word' id='word_1_112' title='bbox 312 3557 496 3627; x_wconf 92' lang='lat' dir='ltr'><strong>Obscurum</strong></span> <span class='ocrx_word' id='word_1_113' title='bbox 517 3556 664 3647; x_wconf 87' lang='lat' dir='ltr'><strong>proavis,</strong></span> <span class='ocrx_word' id='word_1_114' title='bbox 686 3570 720 3622; x_wconf 90' lang='lat' dir='ltr'><strong>et</strong></span> <span class='ocrx_word' id='word_1_115' title='bbox 740 3557 853 3648; x_wconf 86' lang='lat' dir='ltr'><strong>priscae</strong></span> <span class='ocrx_word' id='word_1_116' title='bbox 874 3553 955 3622; x_wconf 90' lang='lat' dir='ltr'><strong>lueis</strong></span> <span class='ocrx_word' id='word_1_117' title='bbox 976 3569 1140 3648; x_wconf 84' lang='lat' dir='ltr'><strong>egentem,</strong></span> 
     </span>
    </p>

    <p class='ocr_par' dir='ltr' id='par_1_19' title="bbox 312 3671 1126 3766">
     <span class='ocr_line' id='line_1_21' title="bbox 312 3671 1126 3766; baseline -0.001 -23"><span class='ocrx_word' id='word_1_118' title='bbox 312 3674 441 3744; x_wconf 89' lang='lat' dir='ltr'><strong>Plebeia</strong></span> <span class='ocrx_word' id='word_1_119' title='bbox 459 3673 500 3742; x_wconf 91' lang='lat' dir='ltr'><strong>de</strong></span> <span class='ocrx_word' id='word_1_120' title='bbox 518 3675 620 3766; x_wconf 87' lang='lat' dir='ltr'><strong>stirpe</strong></span> <span class='ocrx_word' id='word_1_121' title='bbox 638 3671 738 3742; x_wconf 87' lang='lat' dir='ltr'><strong>tulit:</strong></span> <span class='ocrx_word' id='word_1_122' title='bbox 758 3697 826 3741; x_wconf 93' lang='lat' dir='ltr'><strong>non</strong></span> <span class='ocrx_word' id='word_1_123' title='bbox 843 3673 1001 3766; x_wconf 83' lang='lat' dir='ltr'><strong>sanguine</strong></span> <span class='ocrx_word' id='word_1_124' title='bbox 1018 3690 1126 3743; x_wconf 89' lang='lat' dir='ltr'><strong>cretus</strong></span> 
     </span>
    </p>

    <p class='ocr_par' dir='ltr' id='par_1_20' title="bbox 311 3790 1145 3886">
     <span class='ocr_line' id='line_1_22' title="bbox 311 3790 1145 3886; baseline -0.002 -24"><span class='ocrx_word' id='word_1_125' title='bbox 311 3790 473 3880; x_wconf 87' lang='lat' dir='ltr'><strong>Turmali,</strong></span> <span class='ocrx_word' id='word_1_126' title='bbox 492 3792 667 3884; x_wconf 85' lang='lat' dir='ltr'><strong>trabeaque</strong></span> <span class='ocrx_word' id='word_1_127' title='bbox 688 3793 799 3877; x_wconf 81' lang='lat' dir='ltr'><strong>Remi3</strong></span> <span class='ocrx_word' id='word_1_128' title='bbox 818 3815 878 3859; x_wconf 87' lang='lat' dir='ltr'><strong>nec</strong></span> <span class='ocrx_word' id='word_1_129' title='bbox 894 3816 1038 3886; x_wconf 88' lang='lat' dir='ltr'><strong>paupere</strong></span> <span class='ocrx_word' id='word_1_130' title='bbox 1053 3791 1145 3860; x_wconf 85' lang='lat' dir='ltr'><strong>clavo</strong></span> 
     </span>
    </p>

    <p class='ocr_par' dir='ltr' id='par_1_21' title="bbox 311 3910 1103 4006">
     <span class='ocr_line' id='line_1_23' title="bbox 311 3910 1103 4006; baseline -0.003 -25"><span class='ocrx_word' id='word_1_131' title='bbox 311 3917 492 4006; x_wconf 81' lang='lat' dir='ltr'><strong>Augustam</strong></span> <span class='ocrx_word' id='word_1_132' title='bbox 509 3910 619 3979; x_wconf 91' lang='lat' dir='ltr'><strong>sedem</strong></span> <span class='ocrx_word' id='word_1_133' title='bbox 635 3926 668 3979; x_wconf 91' lang='lat' dir='ltr'><strong>et</strong></span> <span class='ocrx_word' id='word_1_134' title='bbox 687 3911 773 3979; x_wconf 89' lang='lat' dir='ltr'><strong>Latii</strong></span> <span class='ocrx_word' id='word_1_135' title='bbox 790 3911 956 4003; x_wconf 88' lang='lat' dir='ltr'><strong>penetrale</strong></span> <span class='ocrx_word' id='word_1_136' title='bbox 973 3926 1103 3980; x_wconf 88' lang='lat' dir='ltr'><strong>senatus</strong></span> 
     </span>
    </p>

    <p class='ocr_par' dir='ltr' id='par_1_22' title="bbox 311 4029 1077 4123">
     <span class='ocr_line' id='line_1_24' title="bbox 311 4029 1077 4123; baseline -0.001 -24"><span class='ocrx_word' id='word_1_137' title='bbox 311 4029 445 4099; x_wconf 72' lang='lat' dir='ltr'><strong>Aduena</strong></span> <span class='ocrx_word' id='word_1_138' title='bbox 466 4029 621 4123; x_wconf 82' lang='lat' dir='ltr'><strong>pulsasti3</strong></span> <span class='ocrx_word' id='word_1_139' title='bbox 642 4030 699 4099; x_wconf 92' lang='lat' dir='ltr'><strong>sed</strong></span> <span class='ocrx_word' id='word_1_140' title='bbox 720 4031 925 4123; x_wconf 71' lang='lat' dir='ltr'><strong>precedente</strong></span> <span class='ocrx_word' id='word_1_141' title='bbox 945 4045 1077 4100; x_wconf 90' lang='lat' dir='ltr'><strong>tuorum</strong></span> 
     </span>
    </p>
   </div>
   <div class='ocr_carea' id='block_1_6' title="bbox 0 0 1410 5258">
    <p class='ocr_par' dir='ltr' id='par_1_23' title="bbox 0 0 1410 5258">
     <span class='ocr_line' id='line_1_25' title="bbox 0 0 1410 5258; baseline 0 1"><span class='ocrx_word' id='word_1_142' title='bbox 0 0 1410 5258; x_wconf 95' lang='lat' dir='ltr'><strong> </strong></span> 
     </span>
    </p>
   </div>
  </div>
 </body>
</html>
