2812 5258
311 438 367 497 aot,
626 425 841 482 tumulos
861 424 977 481 mett
994 427 1032 482 X.
1236 428 1354 494 (vm-15.)

309 556 416 644 «His,
436 555 497 641 ait,
517 553 552 621 in
569 551 718 638 Thebas,
737 551 789 619 his
803 551 874 644 jam
891 549 985 620 decet
1000 549 1133 645 ignibus
1149 551 1216 636 uti,

309 677 396 747 Hinc
406 698 563 745 renovare
573 672 677 743 facem
685 726 694 757 ,
703 671 891 766 lassamque
903 670 1085 742 accendere
1098 696 1271 766 quercum.
1283 704 1300 738 s

355 794 448 867 Talia
463 794 628 864 dicentem
649 807 720 863 toto
738 796 821 862 Jove
836 787 963 862 fulmen
979 791 1136 861 adactum

308 917 478 1012 Corripuit
496 942 504 985 :
527 917 643 1011 prime
662 914 777 1009 fugere
792 890 832 982 in
843 912 960 983 nubila
976 915 1100 1000 cristae,

305 1042 349 1107 Et
367 1035 473 1132 clypei
494 1038 589 1133 niger
607 1035 710 1106 umbo
726 1033 840 1104 cadit:
858 1011 994 1129 jamque
1011 1035 1125 1103 omnia
1143 1034 1257 1106 lucent

304 1157 459 1229 Membra
475 1156 561 1227 viri:
579 1150 704 1227 cedu'nt
722 1157 822 1242 acies,
839 1169 874 1222 et
891 1169 1001 1224 terror
1013 1156 1197 1248 utrimque,

306 1279 385 1367 Quo
403 1292 495 1367 ruat,
513 1277 644 1347 ardenti
666 1276 762 1346 feriat
782 1300 864 1370 quas
881 1300 1023 1371 corpore
1042 1291 1178 1347 turmas.

295 1401 400 1468 'Intra
416 1424 451 1468 se
467 1397 606 1468 stridere
620 1397 741 1486 lacem,
758 1396 968 1492 galeamque,
987 1422 1166 1492 comasque

280 1611 283 1615 ⁴
305 1520 455 1608 Quaerit,
473 1533 508 1588 et
524 1531 676 1587 urentem
693 1517 831 1587 thoraca
847 1517 1007 1612 repellere
1025 1517 1141 1589 dextra

304 1642 468 1727 Conatus,
487 1637 566 1708 ferri
583 1639 729 1708 cinerem
744 1639 806 1708 suh
824 1654 959 1734 pectore
973 1657 1104 1714 tractat.

307 1763 380 1829 Stat
392 1775 521 1850 tamen,
534 1773 785 1855 extremumque
804 1762 839 1830 in
855 1762 964 1834 sidera
973 1789 1088 1836 versus
1101 1769 1254 1859 anhelat,

305 1884 508 1976 Pectoraque
526 1860 642 1952 invisis
662 1882 768 1953 obicit
785 1883 948 1955 firmantia
964 1888 1087 1977 muris,
1282 1863 1285 1869 Ι

304 2005 356 2074 Ne
372 2001 532 2074 eaderetz
553 2003 612 2073 sed
630 2005 781 2076 membra
801 2006 913 2077 virum
927 2021 1060 2080 terrena
1079 2009 1293 2106 relinquunt,

303 2126 512 2219 Exuiturque
531 2127 687 2200 animus:
710 2124 860 2222 paullum
883 2128 911 2198 si
929 2128 1056 2200 tardius
1077 2147 1168 2201 artus

304 2245 499 2334 Cessissent,
517 2247 634 2354 potuit¹
647 2245 774 2316 fulmen
796 2249 955 2319 meruisse
971 2251 1165 2320 secundum.
