2812 5258
91 483 125 544 (v-
136 482 206 543 475.)
405 481 615 535 rtttturtuos
635 480 743 532 LlBER
760 479 809 532 xl.
1062 496 1113 532 aar

94 608 253 700 Agmina,
270 608 448 698 sentirique
468 605 578 672 nefas:
600 619 678 672 tunc
696 630 753 671 ora
772 603 976 688 madescunt,

94 727 312 817 Pectoraque,
332 741 364 792 et
383 726 501 792 tacitus
519 724 683 818 subrepsit
702 724 858 791 fratribus
876 725 1004 791 horror.

92 850 194 914 Arma
211 847 308 913 etiam
330 844 480 913 simulata
500 869 633 938 gerens,
653 842 825 935 cultusque
844 841 972 927 viriles,

92 966 191 1033 Nunc
207 966 277 1047 his,
297 990 384 1033 nunc
404 964 486 1050 illis,
507 994 522 1029 ι(
541 966 656 1056 Agite,
675 965 736 1046 ite,
756 964 917 1046 obsistite,
933 961 1072 1047 clamat,

93 1083 177 1172 Quis
197 1087 265 1152 nati
287 1085 467 1176 fratresque
485 1083 594 1168 domi,
615 1083 688 1174 quis
708 1085 845 1176 pignora
861 1098 962 1151 tanta.

92 1204 153 1271 His
177 1228 309 1295 quoque
333 1227 444 1271 nonne
460 1200 568 1294 palam
586 1216 635 1270 est
653 1199 741 1269 ultro
763 1204 970 1270 miserescere
990 1201 1124 1270 Divos?

92 1319 172 1391 Tela
189 1322 312 1390 cadunt
329 1334 551 1388 :cunctantur
570 1322 646 1414 equi
665 1346 672 1388 :
691 1321 757 1389 lors
776 1321 846 1413 ipsa
864 1335 1033 1414 repugnat.
1052 1351 1068 1382 ι»

142 1440 303 1508 Nonnihil
324 1439 497 1534 impulerat
516 1441 649 1528 dubios,
667 1444 700 1511 ni
718 1456 812 1509 torva
830 1455 974 1509 notasset

92 1562 271 1655 Tisiphone
291 1561 438 1646 fraudes,
457 1560 645 1655 coelestique
665 1562 758 1631 ocior
781 1563 856 1656 igue

92 1681 220 1750 Afforet
239 1683 436 1777 increpitans
455 1709 463 1749 ε
482 1681 605 1769 «Quid
625 1681 700 1750 belli
721 1682 901 1750 obverteris
921 1685 1024 1768 ausis,

94 1803 224 1870 Numen
241 1804 348 1887 iners,
366 1803 505 1894 pacique
525 1801 659 1869 datum?
674 1800 771 1887 cede,
789 1803 939 1896 improba
958 1828 966 1868 ε
986 1815 1097 1870 noster

93 1923 155 1990 Hic
172 1947 328 2016 campus,
348 1936 524 2013 nosterque
543 1920 611 1988 dies
631 1947 638 1987 :
660 1946 748 1989 nunc
769 1946 840 1990 sera
859 1937 1015 1990 nocentes

93 2040 249 2110 Delendis
267 2041 422 2109 Thebas:
441 2040 497 2107 ubi
517 2055 615 2123 tunc,
636 2064 738 2131 quum
757 2037 840 2108 bella
858 2040 955 2108 cieret

95 2159 263 2228 Bacchus?
278 2174 312 2228 et
332 2174 472 2227 armatas
492 2159 654 2227 furiarent
673 2160 765 2254 orgia
785 2161 925 2229 matres?

94 2285 161 2349 dut
180 2281 236 2348 ubi
254 2281 361 2374 segnis
378 2304 467 2365 eras,
486 2278 565 2347 dum
585 2280 724 2348 Martius
741 2282 840 2374 impia
859 2307 993 2377 serpeus

94 2401 216 2492 Stagna
229 2398 331 2467 bibit?
341 2398 419 2466 dum
431 2399 575 2468 Cadmus
586 2398 675 2466 arat?
687 2399 765 2467 dum
779 2403 866 2470 victa
877 2402 965 2470 cadit
974 2402 1122 2497 Sphinx?

94 2521 181 2586 Dum
199 2535 291 2612 rogat
307 2517 507 2611 OEdipoden
524 2518 675 2612 genitor?
689 2519 769 2588 dum
789 2519 938 2614 lampade
956 2539 1066 2591 nostra

94 2640 133 2704 In
150 2636 310 2706 thalamos
327 2642 454 2706 locasta
469 2636 580 2705 venit?
594 2667 610 2701 n
626 2640 679 2707 Sic
696 2654 806 2733 urget,
826 2657 859 2709 et
877 2641 965 2709 ultro

94 2758 269 2825 Vitantem'
280 2757 449 2850 adspectus
467 2757 585 2841 etiam,
602 2756 861 2850 pudibundaque
879 2757 979 2853 longe

94 2879 161 2946 Ora
182 2877 408 2962 reducentem,
427 2878 547 2970 premit
564 2875 819 2944 adstridentibus
837 2877 973 2971 Hydris,

94 2998 303 3089 intentatque
323 2995 407 3064 laces
425 3023 432 3062 ε
450 2995 607 3088 dejectam
625 2995 658 3061 in
680 2993 803 3062 lumina
819 2995 937 3088 pallam

94 3116 180 3183 Diva
200 3116 318 3200 trahit,
338 3140 521 3208 magnoque
539 3114 622 3208 fugit
640 3129 795 3207 questura
811 3119 966 3185 Tonanti.

142 3238 236 3304 Tunc
253 3261 331 3304 vcro
350 3259 493 3303 accensae
510 3233 649 3304 stimulis
666 3235 846 3327 majoribus
866 3241 920 3305 irae
937 3263 943 3304 :

95 3360 194 3453 drma
213 3354 359 3447 placent,
380 3379 543 3446 versaque
564 3353 678 3423 volunt
698 3370 844 3448 spectare
861 3356 1024 3426 cobortes.

95 3477 283 3542 Instaurant
301 3472 432 3544 crudele
453 3473 565 3542 nolas:
584 3499 640 3542 rex
658 3476 776 3568 impius
794 3491 886 3570 aptat

94 3590 190 3675 Tela,
208 3608 240 3659 et
258 3594 392 3663 lunestoe
411 3620 521 3663 casum
542 3596 633 3688 prior
652 3611 791 3689 occupat
812 3598 922 3666 hastae.

94 3709 154 3779 Illa
174 3713 259 3779 riam
278 3714 421 3782 medium
439 3714 534 3808 clipei
552 3731 671 3784 conata
691 3741 751 3810 per
770 3718 883 3786 orbem

98 3832 170 3900 Non
189 3830 311 3924 perfert
328 3835 428 3918 ictus,
447 3850 545 3926 atque
562 3833 629 3903 alto
651 3837 794 3906 vincitur
811 3863 903 3906 auro.

93 3954 187 4020 Tunc
205 3950 294 4020 exsul
312 3952 416 4034 subit,
432 3967 467 4020 et
486 3951 572 4020 clare
591 3953 719 4024 funesta
738 3974 893 4049 precatur
911 3983 919 4023 :

95 4072 186 4158 «Di,
204 4096 288 4164 quos
302 4071 420 4140 effosso
437 4096 504 4139 non
521 4074 632 4142 irritus
647 4098 704 4143 ore
720 4077 849 4168 rogavit
