2812 5258
253 412 255 419 ⁴
289 433 323 469 ro
594 410 805 466 Taulantios
826 409 938 464 Ltuttn
960 410 1007 461 lv.
1205 407 1238 469 (r.
1249 409 1319 467 264.)

287 541 465 633 Sanguinis
483 539 634 622 humani,
654 534 764 630 pudor
776 550 828 604 est
843 537 971 603 nescire
988 535 1134 627 sagittas.

336 662 456 753 lgneus
475 673 552 727 ante
567 682 682 725 omues
697 680 781 726 auro
799 657 914 741 micat,
937 658 1052 750 igneus
1071 668 1184 736 ostro,

292 779 543 868 Undantemque
560 778 670 844 sinum
688 776 783 845 nodis
799 778 927 870 irrugat
943 777 1063 860 Iberis,

289 894 419 966 lmhelli
438 919 550 988 parma
569 897 678 988 pictus
697 895 880 990 Calydonia
896 897 1010 963 matris

289 998 407 1086 Proelia
422 1040 430 1082 :
451 1029 526 1083 trux
544 1015 621 1085 lava
640 1032 735 1086 sonat
750 1041 865 1101 arcus,
880 1031 914 1084 et
929 1039 1045 1108 aspera
1060 1013 1182 1107 plumis
1244 1064 1246 1067 -

291 1139 413 1228 Terga,
434 1135 599 1228 Cydonea
615 1152 748 1230 corytus
766 1135 929 1206 arundine
945 1133 1072 1230 pulsat,

292 1253 423 1325 Electro
439 1253 579 1349 pallens,
599 1272 633 1325 et
648 1256 775 1353 iaspide
793 1256 901 1326 clarus
918 1261 998 1326 an.

292 1375 514 1469 Cornipedem
531 1377 678 1471 trepidos
695 1393 826 1447 suetum
844 1394 1039 1473 prevertere
1058 1398 1173 1445 cervos

294 1495 450 1566 Velatum
470 1498 608 1591 'geminae
625 1496 753 1588 dejectu
770 1495 891 1590 lyncis,
908 1513 942 1565 et
957 1521 1050 1565 arma

296 1618 473 1685 Mirantem
492 1618 651 1709 gravioris
667 1616 738 1685 heri
755 1616 903 1686 sublimis
922 1618 1055 1711 agebat,

296 1736 402 1807 Dulce
420 1738 561 1821 rubens,
581 1736 743 1830 viridique
758 1763 858 1833 genas
873 1735 1058 1833 spectabilis
1077 1761 1158 1805 aevo.

345 1858 485 1927 Areades
503 1859 580 1926 huie
600 1845 740 1942 veteres,
760 1860 856 1927 astris
876 1862 1039 1950 Lunaque
1058 1858 1199 1951 priores,

222 1955 225 1961 .
299 1980 438 2072 Agmina
455 1977 520 2047 lida
536 1977 645 2047 datis:
663 2003 836 2048 nemorum
855 2004 939 2073 quos
957 1981 1061 2072 stirpe
1077 1979 1197 2071 rigenti

298 2103 400 2168 Fama
417 2114 523 2187 satos,
539 2125 644 2194 quum
655 2102 767 2196 prima
784 2099 906 2195 pedum
928 2100 1062 2193 vestigia
1083 2096 1180 2166 tellus

300 2219 469 2288 Admirata
488 2218 589 2289 tulit:
610 2220 759 2289 nondum
777 2245 871 2306 arva,
890 2219 1089 2310 domusque,
1107 2241 1168 2284 nec
1188 2215 1301 2293 urbes,

300 2339 550 2431 Connubiisque
567 2339 686 2407 modus
702 2366 709 2405 :
728 2362 886 2430 quereus,
904 2336 1054 2428 laurique
1070 2333 1220 2403 serebant

301 2458 413 2529 Cruda
433 2460 624 2553 puerperia,
643 2482 682 2526 ac
699 2456 841 2551 populos
859 2457 1013 2526 umbrosa
1030 2455 1155 2523 creavit

303 2583 481 2665 Fraxinus,
497 2594 531 2648 et
549 2578 627 2648 foeta
642 2577 756 2647 viridis
776 2601 859 2670 puer
874 2577 998 2645 excidit
1014 2598 1109 2644 orno.

303 2703 345 2770 Hi
366 2701 447 2770 lucis
462 2701 629 2795 stupuisse
644 2701 749 2788 vices,
767 2699 939 2793 noctisque
958 2698 1112 2766 seruntur

305 2820 446 2906 Nubila,
464 2835 495 2890 et
515 2820 692 2891 occiduum
708 2821 805 2916 lunge
819 2822 938 2890 Titana
955 2819 1059 2888 secuti

304 2947 505 3037 Desperasse
517 2942 616 3012 diem.
638 2947 823 3013 Rarescunt
840 2942 905 3012 alta
924 2938 1051 3010 colonis

305 3061 447 3133 Maenala
463 3090 472 3136 t
490 3064 706 3143 Parthenium
722 3063 852 3157 fugitur
862 3085 981 3131 nemus
995 3087 1003 3130 ε
1017 3062 1150 3154 agmina
1172 3056 1258 3127 bello

305 3185 496 3277 Rhipeque,
512 3200 547 3256 et
565 3188 702 3273 Stratie,
724 3200 925 3278 ventosaque
940 3184 1042 3252 donat
1060 3183 1192 3275 Enispe.

305 3305 383 3373 Non
397 3307 521 3398 Tegea,
540 3331 609 3374 uon
628 3308 698 3400 ipsa
712 3310 786 3376 Deo
802 3321 895 3375 vacat
909 3302 988 3374 alite
1005 3302 1080 3372 felix

304 3422 463 3517 Cyllene,
480 3423 709 3518 templumque
726 3424 814 3496 tteae
832 3426 1002 3495 nemorale
1020 3429 1199 3511 Minervae,

305 3547 350 3613 Et
366 3541 504 3637 rapidus
523 3543 652 3633 Cliton,
673 3561 706 3615 et
724 3548 781 3640 qui
800 3548 874 3632 tibi,
892 3549 1026 3641 Pythie,
1044 3545 1158 3615 Ladon

305 3669 403 3736 Paene
422 3690 529 3756 socer,
547 3668 758 3761 candensque
773 3669 863 3764 jugis
886 3672 1025 3763 Lampia
1046 3669 1187 3754 nivosis,

306 3791 350 3856 Et
368 3788 518 3857 Pheneos
535 3789 632 3884 nigro
650 3794 752 3885 Styga
770 3793 904 3861 mittere
920 3790 1048 3860 credita
1062 3792 1146 3860 Diti.

308 3910 409 3978 Venit
425 3922 457 3977 et
475 3909 569 3979 Idaeis
587 3909 769 3981 ululatibus
785 3911 923 3982 aemulus
942 3918 1048 3998 Azan,

308 4029 540 4148 Parrhasiique
557 4029 676 4118 duces,
697 4048 730 4101 et
747 4059 822 4128 quae
842 4036 978 4125 risistis,
996 4038 1153 4121 Amores,
