2812 5258
414 480 573 534 NOTITIA
593 481 832 536 LlTTEuaRm.
880 472 885 482 ’
1123 505 1140 540 v

110 628 170 696 per
191 601 257 670 lere
275 600 407 668 modum
428 626 594 693 egressus,
618 628 723 696 eoque
740 607 812 697 ipso
836 603 989 693 inferior,
1014 608 1141 700 quode

108 723 236 814 magnis
257 722 431 806 tumentia,
456 747 474 789 e
501 720 708 791 mirabilibus
738 723 924 813 reperiam
946 739 978 793 et
1001 725 1140 819 puerilia

110 839 218 908 effecit
229 840 281 926 *aa
298 841 366 908 Suo
385 854 531 933 tempore
551 842 666 932 quanti
683 840 783 909 fuerit
794 843 944 929 habitus,
959 844 1140 913 ostendunt

109 983 221 1027 versus
235 956 420 1046 luvenalis,
443 982 510 1045 vn,
533 958 577 1027 82
599 983 671 1051 sqq.
692 985 699 1026 :

226 1148 357 1204 Curritur
370 1148 407 1203 ad
420 1167 519 1204 vocem
530 1149 686 1221 jucundam
698 1162 727 1206 ct
740 1169 852 1207 carruca
864 1153 958 1209 amicae

225 1240 399 1310 Thebaidos,
413 1241 502 1295 laetam
515 1241 581 1297 lecit
595 1261 684 1316 quum
697 1243 801 1299 Statius
814 1244 934 1315 Urbem,

224 1330 413 1404 Promisitque
426 1331 501 1387 diem
515 1352 522 1386 ε
537 1343 614 1388 tanta
630 1333 779 1390 dulcedine
792 1345 891 1408 captos

226 1419 323 1477 afficit
335 1422 382 1477 ille
395 1422 516 1492 animos,
531 1434 664 1498 tantaque
679 1425 797 1481 libidine
810 1425 888 1501 vulgi

226 1513 365 1569 Auditur!
380 1514 428 1569 sed
442 1533 531 1588 quum
544 1515 628 1591 fregit
641 1517 770 1572 subsellia
784 1536 884 1586 versu,

226 1605 337 1674 Esurit,
350 1604 484 1662 intactam
497 1606 591 1662 Paridi
606 1607 660 1663 uisi
675 1608 779 1663 vendat
793 1612 915 1682 Agaven.

110 1779 137 1844 l.
163 1802 192 1846 e.
214 1778 277 1844 nisi
296 1778 503 1870 tragoediam,
526 1778 675 1847 nondum
702 1781 736 1846 in
758 1804 854 1847 scena
876 1778 1069 1864 exhibitam,
1089 1776 1141 1845 hi-

110 1895 291 1963 strionibus
308 1894 350 1962 ad
370 1896 532 1986 agendum
551 1896 693 1985 vendat,
713 1900 823 1990 itaque
847 1921 1024 1991 pauperem
1041 1896 1142 1964 vitam

113 2026 283 2079 sustentet.

161 2135 212 2200 Ex
232 2133 362 2224 scriptis
378 2133 473 2200 Statii
492 2146 619 2200 aetatem
640 2133 786 2202 tulerunt

159 2255 183 2319 l.
212 2252 394 2320 vaaaun
414 2251 495 2320 libri
520 2256 565 2335 V,
594 2253 662 2319 sive
675 2249 823 2319 collectio
851 2253 1054 2339 carminum,
1072 2277 1144 2345 quae

111 2369 162 2439 vel
186 2371 220 2439 in
249 2371 475 2463 imperatoris,
503 2369 554 2439 vel
579 2372 611 2439 in
633 2373 815 2439 amicorum
833 2372 986 2463 gratiam,
1006 2370 1056 2439 vel
1080 2369 1144 2440 alie

111 2515 319 2583 quacumque
339 2492 510 2559 occasione
528 2489 639 2559 oblata
656 2492 756 2558 variis
776 2491 978 2584 temporibus
1002 2492 1142 2585 scripsit.

112 2608 266 2703 Epistola
284 2609 325 2676 ab
353 2611 425 2704 ipso
444 2608 581 2702 singulis
605 2608 697 2677 libris
717 2610 890 2703 praemissae
912 2633 1026 2677 eorum
1043 2610 1143 2701 origi·

112 2752 188 2796 nem
206 2728 363 2797 indicant.
385 2730 548 2815 Quintum
566 2728 686 2796 librum
714 2730 783 2821 ipse
801 2729 896 2795 vivus
916 2725 1054 2794 edidisse
1074 2749 1142 2794 non

113 2848 254 2934 videtur,
280 2848 335 2916 sed
360 2864 434 2941 post
453 2873 527 2917 eum
555 2849 660 2916 amica
682 2846 792 2940 aliqua
809 2871 926 2914 manus
949 2870 956 2912 :
980 2869 1056 2913 nam
1075 2868 1145 2912 car·

113 2967 202 3034 mina
216 2965 343 3059 aliquot
360 2968 508 3034 continet
525 2991 683 3060 perquam
702 2965 902 3059 imperfecta.

161 3087 204 3153 Il.
225 3088 428 3154 Taaamuos
448 3085 523 3153 libri
540 3089 625 3169 XII,
644 3109 743 3176 quam
766 3085 835 3176 ipse
851 3083 932 3151 dicit
950 3107 1009 3175 per
1022 3082 1146 3150 duode-

114 3205 176 3271 cim
193 3228 299 3272 annos
310 3204 452 3273 assidua
469 3203 547 3272 lema
563 3204 750 3286 cruciasse5
767 3216 799 3270 et
811 3193 1092 3269 immortalitatem
1105 3190 1146 3268 ex'

153 3417 167 3444 ‘
179 3420 382 3476 Recentiorum
395 3420 504 3491 judicia
518 3420 553 3475 de
573 3418 702 3477 Statiosi
719 3419 873 3490 desideras,
893 3417 958 3473 ride
971 3419 1011 3473 La
1028 3417 1144 3486 Hasna,

120 3508 200 3563 Cours
217 3511 254 3564 de
274 3513 446 3579 litterature,
470 3521 544 3586 part.
564 3531 594 3581 1,
610 3511 653 3566 ch.
677 3519 710 3583 4,
729 3522 796 3568 sect.
818 3529 852 3580 23
870 3513 1039 3578 Vouraru,
1059 3509 1148 3563 Essai

118 3618 166 3653 sur
182 3603 210 3654 la
223 3604 319 3672 poe'sie
333 3605 449 3677 e'piquc,
464 3622 488 3659 c.
508 3610 540 3672 a,
554 3602 631 3670 init.;
652 3603 804 3675 praesertim
821 3604 956 3671 Nauunr,
968 3598 1145 3673 Biographie

119 3690 275 3746 universclle
282 3734 292 3760 ,
308 3704 327 3747 t.
342 3695 509 3764 xc111,sub.
523 3713 550 3748 v.
570 3695 669 3749 Sracr.
688 3694 765 3749 Inter
778 3696 949 3761 Germanos,
963 3693 1065 3746 Marso
1079 3689 1145 3762 epi-

118 3798 168 3834 cos
180 3794 276 3852 poetas
287 3802 432 3855 romanos,
446 3785 497 3858 qui
510 3794 575 3857 post
590 3783 741 3859 Virgilium
754 3785 882 3853 fuerunt,
896 3783 969 3838 inter
982 3801 1011 3837 se
1025 3780 1145 3837 contulit

118 3872 148 3926 in
170 3872 227 3926 vol.
249 3892 305 3927 vm
320 3874 405 3928 libri:
421 3876 591 3950 Nachtroege
609 3895 644 3930 su
664 3875 772 3930 Sulzers
788 3874 1022 3947 Encyclopoedie,·
1044 3879 1145 3945 praeter

116 3963 193 4017 hunc
216 3963 378 4018 consulendi
390 3967 525 4021 Hermus
541 3965 572 4020 in
594 3964 758 4039 praelatione
781 3965 845 4021 edit.
874 3964 1026 4029 Silvamm,
1044 3962 1144 4014 Bran-

117 4073 235 4121 ιυιυῐ,
254 4053 411 4109 lloemr'scde
426 4056 736 4130 Littemacrgeschiclite.
