2812 5258
341 443 381 497 ΙΝ
404 443 432 495 P.
454 442 483 495 P.
506 441 629 496 STATII
651 441 759 496 ΤΗΒΒ.
783 443 851 496 LIB.
873 442 951 498 vlu.
1111 444 1166 522 319

130 557 278 614 -0mnino
292 558 474 614 scribendum
488 576 553 612 cum
574 557 692 626 nostris,
707 556 915 633 lindenbrogii
933 557 1038 636 [Dan.]‚
1057 563 1167 619 Behotii

129 649 208 705 libria
226 668 234 703 z
254 650 382 704 r'rrsesror.
392 673 405 698 n

170 745 260 797 Anna
274 743 402 816 veiosque
415 738 453 817 (v.
468 738 549 816 746).
570 739 651 810 Quid
668 738 713 794 hic
731 742 828 796 arma?
843 745 1032 800 scribendum
1051 747 1167 802 Barthio

129 845 264 905 auctore,
282 853 348 890 curo
360 832 525 889 melioribus
543 832 638 900 libris,
660 851 738 886 arva.
754 863 795 876 -·
808 835 940 892 Secundo
962 837 1065 893 abhinc
1081 856 1167 894 versu

129 928 183 982 ΜΒ
205 938 233 981 et
249 927 407 1001 glossator:
425 925 584 981 «exhausto
599 924 715 979 turbine
729 926 825 982 fessus.
843 953 856 976 ι

168 1021 302 1074 Menelao
315 1015 353 1094 (r.
364 1014 442 1093 755).
458 1015 590 1089 «Optimi
605 1015 714 1088 quique
727 1015 767 1092 [et
781 1020 924 1074 Barthiani
933 1031 961 1075 et
976 1021 1059 1077 Lind.
1070 1040 1167 1077 ornnes

129 1129 193 1166 oum
213 1129 230 1166 a
251 1109 351 1187 Regg.]
373 1110 501 1182 praebent
523 1108 691 1173 Menalcas,
716 1128 776 1182 quo
791 1112 904 1167 nomine
918 1114 1009 1169 utitur
1029 1115 1167 1183 Ovidius,

127 1204 247 1259 Metam.
258 1242 268 1270 ,
286 1222 314 1270 ι,
332 1202 401 1268 1283
417 1219 477 1266 xri,
492 1199 559 1255 306.
580 1198 627 1254 Sic
648 1210 675 1254 et
699 1200 722 1255 is
740 1213 872 1271 vocatur,
891 1221 983 1279 aquo
1009 1207 1039 1261 in
1059 1207 1167 1262 Euboea

128 1302 251 1362 Μινιληΐς
264 1293 382 1349 Eretria.
400 1315 412 1339 ι
428 1293 524 1347 Gnon.

167 1387 288 1459 Populis
301 1383 339 1462 (r.
356 1382 434 1460 775).
449 1386 599 1458 Perperarn
612 1387 719 1458 probat
735 1387 878 1443 Bentleius
896 1388 933 1443 ad
947 1390 1046 1445 Horat.
1061 1391 1165 1465 Eprio,

129 1498 157 1547 ι,
171 1478 199 1546 6,
215 1477 262 1550 59,
277 1477 428 1532 lectionem
443 1475 508 1531 cod.
524 1495 541 1532 e
554 1478 626 1532 Coll.
640 1479 813 1534 Emmanuel.
829 1497 836 1532 :
851 1481 970 1554 campis.
980 1481 1022 1536 Cf.
1037 1500 1113 1555 sup,
1128 1502 1167 1551 rr,

130 1570 200 1640 482,
214 1581 243 1625 et
256 1589 336 1639 vin,
355 1568 404 1640 15,
417 1569 468 1625 ubi
483 1571 560 1625 Lact.
580 1589 587 1623 τ
607 1571 727 1643 «Elysii
740 1588 794 1644 pro
816 1571 860 1628 his
882 1573 934 1645 qui
951 1573 982 1627 in
1000 1573 1095 1649 Elysio
1115 1576 1167 1632 ha-

127 1662 227 1718 bitena
243 1687 255 1712 ι
924 1704 927 1709 .

170 1754 262 1825 Quum
277 1752 343 1824 jam
365 1755 503 1810 damnata
522 1754 558 1829 (v.
575 1771 631 1829 79²
646 1753 709 1833 ιφ).
724 1780 736 1806 «
751 1756 825 1828 Quia
841 1756 942 1813 navitae
956 1775 1046 1831 quum
1059 1760 1167 1816 stellam

128 1847 241 1902 Helene
253 1846 388 1903 viderunt
402 1847 477 1922 (quae
491 1846 600 1904 Urania
614 1847 718 1903 dicitur
738 1867 745 1902 ε
766 1849 848 1921 eujus
862 1859 938 1905 tanta
953 1849 995 1905 via
1008 1861 1050 1906 est
1069 1851 1168 1906 incen-

128 1938 184 2008 dii,
196 1949 230 1993 ut
246 1941 352 1995 melum
366 1951 394 1996 et
407 1940 486 1996 navia
505 1939 559 1995 ima
573 1941 741 2014 perfundat,
757 1951 808 2011 ut,
827 1941 935 1997 etiamsi
948 1961 984 1997 aee
997 1942 1096 2014 fuerit,
1111 1943 1167 2000 hoc

128 2032 222 2088 calore
236 2031 373 2110 solvatur)
387 2055 393 2088 :
409 2052 478 2109 ergo
495 2033 585 2088 sihaec
604 2035 683 2089 stella
697 2033 763 2088 navi
772 2033 921 2104 insederit,
934 2034 1027 2089 sciunt
1042 2033 1168 2110 [seiuient

127 2125 192 2180 eod.
208 2125 280 2202 Pan]
294 2144 323 2182 ee
346 2125 447 2181 navitae
465 2127 525 2182 sine
541 2125 632 2181 dubio
651 2125 811 2199 perituroe;
834 2136 950 2181 econtra
965 2127 1115 2182 Castorum
1129 2129 1168 2183 oi-

126 2215 194 2273 dora
202 2229 269 2275 sont
277 2219 476 2295 navigantibus
493 2219 633 2276 enniana.
645 2244 657 2269 ι
671 2220 757 2275 Lacr.
774 2238 790 2276 e
804 2220 869 2276 cod.
885 2220 996 2277 emend.
1011 2222 1047 2276 V.
1065 2222 1167 2290 Puro,

127 2310 162 2364 11.
177 2310 231 2378 N„
248 2330 290 2380 ιι,
311 2311 359 2381 37,
373 2329 398 2367 e.
419 2311 562 2386 interpp,
575 2322 604 2367 et
621 2310 676 2367 alia
689 2329 734 2384 ap.
754 2312 850 2367 Barth.

167 2402 373 2476 Hononarrque
384 2403 495 2476 gradus
509 2401 547 2480 (v.
564 2402 641 2479 798).
660 2404 694 2457 In
712 2404 767 2459 ΜΒ
780 2403 835 2459 tuit
851 2423 859 2458 t
878 2403 1036 2476 obfirmant
1047 2404 1166 2478 pedem,

125 2502 325 2566 posterorum.

488 2587 531 2641 IN
553 2587 702 2641 LIBRUM
723 2588 803 2642 vul.

165 2755 303 2829 Infin'ore
320 2756 454 2811 barathro
467 2753 505 2833 (v.
528 2752 583 2830 15).
603 2753 688 2809 Multi
701 2752 786 2808 codd.
803 2772 809 2805 :
826 2754 978 2808 «ulteriore
992 2752 1164 2808 barathro.»

169 2846 348 2918 Fotofenmt
361 2851 475 2903 orrr'rrras
492 2845 530 2925 (r.
546 2843 605 2924 26).
620 2848 811 2920 Quocumque
825 2855 853 2900 te
872 2854 978 2914 rertea,
997 2863 1058 2900 non
1077 2858 1164 2919 pote-

126 2941 170 2996 ria*
186 2938 336 2996 conciliare
357 2940 416 2995 hec
435 2959 500 2996 curn
518 2959 598 3014 seqq.
619 2957 626 2993 :
649 2949 678 2993 et
699 2938 798 2992 eodem
813 2938 922 3012 pollice
940 2938 1085 2994 damnant.
1109 2938 1164 2993 Sed

125 3030 233 3087 Bartbii
248 3048 345 3085 ornnes
362 3040 390 3085 et
409 3043 569 3087 ceterorum
588 3031 670 3087 MSS.
685 3047 752 3104 para
771 3029 863 3101 major
886 3046 951 3083 cum
973 3029 1050 3083 Lact.
1075 3025 1111 3103 (v.
1127 3030 1164 3085 ad

125 3142 153 3180 v.
168 3121 241 3201 92):
259 3147 271 3173 a
287 3123 357 3179 Fata
370 3135 463 3178 senmt
476 3126 594 3195 ammae,
610 3149 622 3173 ι
639 3142 663 3179 e.
677 3123 755 3178 bona
767 3132 836 3178 nota
849 3121 1012 3197 glossatoris
1027 3140 1034 3176 ε
1049 3145 1064 3172 a
1074 3121 1105 3178 id
1123 3133 1164 3178 est

126 3216 258 3272 emittunt
270 3214 308 3271 ad
320 3214 474 3271 habitanda
483 3233 536 3289 per
549 3215 649 3273 orbern
662 3233 800 3289 corpora3
812 3239 824 3263 n
838 3212 919 3269 addit
928 3212 964 3269 de
979 3232 1041 3287 aqq.
1052 3215 1163 3269 Barth:

126 3332 139 3358 a
154 3318 182 3364 et
197 3309 298 3364 eodera
313 3308 414 3364 ordine
427 3306 498 3384 [sive
510 3308 607 3381 potina
625 3305 750 3383 decreto]
766 3305 939 3382 corporibus
951 3323 1049 3361 ruraua
1063 3308 1163 3381 expel-

124 3401 218 3456 lunt·
232 3403 307 3458 Nota
325 3410 392 3456 sunt
409 3400 523 3475 pollicet
535 3399 640 3457 indicia
658 3401 688 3456 in
701 3399 805 3475 pugnis
819 3398 1018 3475 gladiatorum.

170 3495 261 3550 Vincit
277 3513 350 3568 opos
363 3492 401 3572 (v.
419 3491 478 3572 ιγ).
492 3493 587 3567 Major
608 3504 650 3551 eat
671 3511 726 3568 pro
746 3511 804 3549 uno
824 3494 960 3561 Plutone3
980 3489 1080 3566 fatigat
1097 3509 1162 3546 eum

126 3585 335 3643 advenientium
353 3586 535 3643 multitudo:
557 3605 647 3662 qnare
665 3584 811 3658 adjutores
831 3584 857 3641 ei
875 3580 975 3640 additi.
997 3583 1044 3639 Ad
1063 3585 1163 3640 Parcas

125 3697 191 3734 curn
203 3679 350 3736 lactantio
365 3679 471 3736 referre
486 3678 555 3736 noli.

167 3772 235 3827 Otia
248 3772 395 3850 moesto(v.
411 3770 469 3849 44).
484 3773 539 3827 ΜΒ
554 3790 561 3825 r
578 3782 716 3837 rnoestum,
735 3787 887 3845 perperam
899 3769 1046 3843 praelatum
1060 3785 1077 3822 a
1090 3768 1161 3822 Bar-

125 3862 195 3919 thio.
209 3867 291 3921 -V.
301 3882 361 3939 eeq.
375 3864 506 3920 nonnulli
520 3862 605 3919 codd.
617 3882 624 3917 :
634 3887 647 3913 ι
657 3863 843 3937 implacitam,
852 3888 864 3912 a
878 3861 960 3936 quod
973 3860 1039 3915 t'ort.
1055 3877 1162 3915 rernm.

166 3957 297 4012 Pandam
309 3958 407 4011 omnio
423 3974 513 4031 regno
525 3955 563 4031 (r.
583 3953 641 4032 46).
654 3955 690 4010 ld
709 3965 750 4011 eet
768 3955 867 4029 pervia
882 3951 996 4020 faciam,
1015 3967 1163 4007 removens

125 4050 205 4123 qood
219 4058 259 4105 est
273 4048 348 4106 inter
360 4066 463 4121 supera
481 4058 509 4104 et
523 4047 612 4103 infera
634 4046 793 4103 discrimen.
814 4047 869 4100 ΜΒ
888 4063 895 4096 :
918 4068 930 4092 ι
940 4042 1052 4112 intima,
1068 4066 1080 4090 a
1100 4060 1164 4115 quae
