2812 5258
105 463 134 518 (v,
148 461 199 520 ar.)
418 455 607 512 SILVARUM
628 454 736 509 LIBER
757 455 807 508 lll.
1093 451 1130 526 95

108 587 174 651 Aut
191 580 432 674 septemgemini
450 593 550 672 caput.
566 576 652 645 haud
671 545 869 670 penetrabile
887 576 974 651 Nili,

107 704 279 768 Hortarere
296 700 364 766 vias
384 723 392 764 :
413 699 532 767 etenim
550 710 606 764 tua
624 697 764 790 (nempe
781 696 921 789 benigna

108 820 216 906 Quam
235 819 314 886 mihi
336 832 424 886 sorte
439 819 553 885 Venus
567 816 715 907 junctam
734 813 926 882 florentibus
944 815 1038 881 annis

108 935 219 1007 servet
235 950 268 1005 et
285 939 319 1004 iu
336 934 507 1028 senium),
526 949 583 1002 tua
601 934 695 1026 (quae
712 958 764 1001 me
780 931 915 1000 vulnere
932 932 1040 1024 primo

106 1059 270 1124 Intactum
289 1054 459 1138 thalamis,
479 1068 513 1122 et
526 1052 632 1121 adhuc
647 1050 792 1144 juvenile
807 1066 978 1144 vagantem

110 1174 266 1266 Finisti),
285 1188 342 1241 tua
359 1172 450 1241 frena
468 1169 789 1264 libens„docilisque
807 1170 931 1262 recepi;

108 1296 150 1361 Et
168 1290 266 1360 semel
287 1294 424 1360 insertas
442 1315 509 1358 non
527 1304 714 1358 mutaturus
732 1288 874 1356 habenas

110 1414 223 1503 Usque
239 1435 362 1504 premo.
382 1414 446 1479 Ter
461 1435 514 1478 me
533 1408 645 1477 nitidis
664 1406 790 1477 Albana
809 1405 967 1475 ferentem

108 1531 204 1600 Dona
223 1531 344 1615 comis,
363 1543 541 1621 sanctoque
562 1527 715 1596 indutum
731 1526 868 1596 caesaris
884 1547 965 1592 auro

109 1647 295 1714 Visceribus
308 1646 478 1741 complexa
493 1648 576 1732 tuis;
596 1647 755 1738 sertisque
772 1643 890 1712 dedisti
930 1678 933 1690 ·

111 1762 234 1833 Oscula
252 1764 368 1833 anhela
386 1768 466 1834 meis
487 1791 495 1832 :
515 1780 571 1852 tu,
590 1789 692 1858 quum
708 1761 871 1858 Capitolia
888 1775 1007 1830 nostrae

109 1882 258 1950 lnficiata
275 1881 372 1973 lyrae,
389 1906 509 1950 saevum
525 1884 756 1976 ingratumque
773 1881 905 1951 dolebas

111 2003 245 2068 Mecum
261 1999 348 2066 victa
364 2001 477 2066 lovem
495 2025 503 2066 :
525 2014 561 2066 tu
579 2002 804 2090 procurrentia
823 2001 936 2094 primis

90 2155 93 2162 ·
113 2119 267 2185 Carmina
286 2130 397 2184 nostra
414 2117 522 2204 sonis,
540 2131 709 2209 motasque
730 2119 764 2184 in
784 2142 953 2186 murmura
969 2140 1064 2185 voces

112 2239 201 2305 Aure
221 2235 307 2328 rapis
322 2232 413 2328 vigili
431 2259 441 2302 :
458 2232 547 2328 longi
565 2250 599 2305 tu
617 2234 686 2304 sola
703 2233 824 2304 laboris

111 2355 270 2436 Conscia,
287 2377 428 2445 cumque
447 2355 511 2421 tuis
526 2355 631 2423 crevit
644 2378 715 2422 mea
730 2355 871 2423 Thebais
887 2356 993 2423 annis.

159 2470 301 2561 Qualem
318 2485 350 2540 te
365 2494 470 2564 nuper
488 2472 617 2565 Stygias
633 2496 736 2566 prope
753 2487 867 2566 raptus
884 2473 925 2541 ad
946 2448 1070 2557 undas,

111 2593 224 2680 Quum
238 2590 306 2683 jam
321 2589 468 2659 Lethaeos
486 2589 634 2658 audirem
652 2591 836 2660 comminus
853 2615 985 2675 amnes,

111 2710 241 2802 Aspexi,
258 2708 413 2800 tenuique
428 2707 540 2775 oculos
553 2709 622 2800 jam
639 2724 744 2777 morte
761 2705 929 2775 cadentes!

113 2825 244 2894 Scilicet
262 2826 409 2894 exhausti
426 2826 578 2894 Lachesis
597 2827 677 2894 mihi
695 2842 843 2920 tempora
863 2824 921 2893 fati

114 2945 160 3011 Te
174 2957 298 3012 tautum
315 2944 466 3012 miserata
481 2941 588 3031 dedit,
606 2946 787 3039 Superique
808 2957 958 3038 potentes

113 3061 273 3130 Invidiam
290 3063 429 3130 timuere
445 3075 546 3129 tuam.
563 3064 642 3130 Post
649 3064 738 3151 ista,
755 3067 990 3157 propinquum.

160 3178 257 3246 Nunc
274 3182 350 3266 iter,
366 3192 561 3272 optatosque
575 3181 664 3248 siuus
680 3205 789 3248 comes
806 3183 854 3249 ire
870 3155 1028 3248 moraris?

115 3293 207 3363 Heu!
223 3298 279 3365 ubi
297 3311 376 3367 nota
395 3296 497 3384 fides,
514 3312 628 3390 totque
648 3297 816 3391 explorata
831 3322 1004 3392 perusus,

115 3413 193 3498 Qua
209 3429 330 3483 veteres
348 3418 477 3501 latias,
496 3417 679 3508 Graiasque
698 3417 855 3486 Heroidas
873 3416 1004 3510 aequas?

114 3535 198 3599 lsset
215 3531 256 3598 ad
272 3532 387 3602 Iliacas
404 3534 506 3630 (quid
524 3536 611 3603 enim
629 3535 772 3605 deterret
787 3536 979 3629 amantesl)

117 3648 276 3741 Penelope
294 3650 401 3742 gavisa
418 3653 552 3742 domos,
573 3656 599 3722 si
620 3678 733 3747 passus
752 3654 874 3725 Ulixes.

116 3769 240 3856 Questa
257 3782 305 3834 est
321 3768 462 3862 AEgiale,
479 3787 593 3864 questa
611 3788 661 3841 est
675 3772 829 3842 Meliboea
847 3773 1010 3867 relinqui,

117 3888 157 3952 Et
175 3909 362 3978 quanquam
381 3887 455 3953 saevi
471 3888 619 3959 fecerunt
635 3891 785 3960 Maenada
802 3890 962 3986 plauctus.

117 4005 187 4071 Nec
207 4005 319 4071 minor
337 4004 389 4071 his
409 4018 445 4072 tu
465 4030 557 4076 nosse
573 4008 691 4097 fidem,
710 4011 903 4105 firmamque
920 4012 1044 4081 maritis
1121 4104 1124 4108 ἡ
