2812 5258
81 433 115 488 (e.
128 428 198 488 ⁴¹⁵»)
397 421 609 478 Tumultus
630 421 741 476 LIBER
760 423 797 476 X.
1073 423 1126 494 187

82 555 253 620 Venantes
273 545 448 633 Numidae,
462 562 557 617 natos
573 561 683 615 erecta
699 561 863 641 superstat

82 674 200 740 Mente
217 669 280 739 sub
297 670 439 752 incerta,
457 683 593 737 torvum
609 692 647 736 ac
664 665 852 737 miserabile
866 667 1030 737 frendens.

82 789 146 859 llla
163 789 298 884 quidem
318 789 455 858 turbare
475 786 610 883 globos,
630 803 664 857 et
683 787 835 883 frangere
852 813 967 857 morsu

81 909 163 981 Tela
181 924 297 1006 queat,
320 908 378 978 sed
394 907 498 1003 prolis
516 933 612 978 amor
629 907 776 978 crudelia
793 910 898 978 uincit

82 1036 235 1121 Pectora,
256 1044 290 1100 et
309 1055 329 1100 a
348 1030 458 1101 media
476 1029 605 1101 catulos
626 1031 853 1125 circumspicit
872 1033 932 1099 ira.

83 1157 127 1224 Et
143 1155 213 1248 jam
231 1151 313 1223 laeva
330 1155 422 1240 viro,
440 1153 594 1245 quamvis
615 1152 729 1221 saevirc
747 1166 876 1221 vetaret

82 1275 272 1370 Amphion,
292 1287 406 1366 erepta
425 1295 559 1360 manus,
579 1273 740 1366 puerique
759 1272 940 1341 trahuntur

83 1398 154 1465 Ora
173 1397 292 1489 supina
309 1394 437 1462 comis:
457 1417 551 1462 semis
571 1407 650 1462 tunc
669 1393 813 1486 denique
829 1391 968 1487 supplex

81 1518 236 1586 Demisso
259 1539 418 1585 mucrone
436 1529 559 1612 rogat:
579 1545 596 1580 α
614 1515 839 1603 Moderatius,
860 1540 936 1602 oro,

82 1639 221 1726 Ducite;
241 1635 391 1707 fulminei
409 1660 469 1731 per
486 1661 547 1706 vos
565 1636 732 1706 cunabula
753 1638 892 1721 Bacchi,

63 1841 67 1851 ι
83 1760 266 1852 Inoamque
283 1759 417 1852 fugam,
433 1760 601 1852 vestrique
618 1756 815 1827 Palaemonis
831 1783 947 1828 annos.

83 1879 119 1948 Si
139 1881 192 1947 cui
214 1878 299 1948 forte
318 1878 410 1947 domi
430 1894 586 1948 natorum
606 1878 744 1973 gaudia,
765 1881 885 1972 siquis

84 1998 147 2068 llic
167 1984 280 2093 pater,
298 2000 432 2094 angusti
452 2022 558 2092 puero
575 1997 652 2067 date
667 1997 815 2092 pulveris
830 1999 990 2084 haustus,

83 2119 314 2212 Exiguamque
333 2117 440 2189 facem
457 2144 466 2186 ε
485 2134 600 2213 rogat,
618 2144 659 2187 eu
678 2134 775 2214 rogat
791 2120 862 2214 ipse
878 2119 1015 2212 jacentis

84 2235 232 2308 Vultus:
250 2263 313 2334 ego
329 2238 481 2309 infandas
499 2240 612 2335 potior
627 2242 748 2309 satiare
765 2238 927 2310 volucres.

84 2361 141 2428 Me
160 2360 305 2453 praebete
322 2359 402 2429 feris
420 2386 428 2428 :
449 2384 512 2455 ego
531 2359 618 2431 bella
638 2361 760 2432 audere
776 2363 881 2457 coegi.
902 2393 918 2425 n

85 2509 101 2542 ε(
117 2467 246 2568 Immo,
265 2482 313 2554 ait
330 2482 524 2576 Amphion,
540 2486 696 2579 regemsi
715 2497 808 2554 tanta
825 2483 949 2580 cupido

85 2599 256 2690 Condere,
273 2626 347 2695 quae
365 2602 492 2671 timidis
503 2601 582 2671 belli
601 2630 714 2688 mens,
730 2604 807 2689 ede,
824 2602 986 2698 Pelasgis,

85 2720 178 2809 Quid
198 2721 314 2810 fracti,
334 2746 585 2818 exsanguesque
603 2739 723 2816 parent
741 2750 750 2791 ε
769 2738 890 2792 cuncta
909 2749 1012 2817 ocyus
1032 2723 1128 2811 elien,

85 2844 128 2911 Et
143 2819 230 2930 ¹vita,
245 2842 442 2936 tumuloque
459 2841 553 2915 ducis
569 2842 733 2930 donatus,
751 2843 853 2912 abito.
869 2871 887 2906 n

85 2965 244 3050 Horruit,
261 2979 295 3032 et
314 2978 385 3033 toto
404 2962 586 3059 praecordia
605 2963 759 3058 protinus
775 2967 879 3033 Arcas

85 3083 244 3177 Implevit
261 3082 392 3178 capulo.
412 3115 429 3149 κ
447 3087 666 3155 Summumoe
683 3085 747 3154 hoc
765 3083 938 3173 cladibus,
959 3086 1089 3178 inquit,

86 3207 225 3291 Deerat,
244 3219 281 3272 ut
300 3203 440 3274 afflictos
459 3219 630 3300 turparem
650 3229 713 3300 ego
732 3204 883 3299 proditor
903 3205 1034 3300 Argos?

86 3322 143 3394 Nil
159 3325 300 3393 emimus
317 3326 417 3411 tanti,
435 3350 496 3394 nec
512 3327 559 3395 sic
576 3324 654 3396 velit
671 3327 741 3420 ipse
759 3327 911 3395 erculani.
925 3356 942 3391 n

135 3446 190 3512 Sic
208 3446 270 3530 ait,
290 3460 323 3515 et
340 3470 462 3540 magno
478 3448 680 3540 proscissum
698 3447 834 3516 vulnere
852 3461 969 3542 pectus

87 3563 207 3653 Injecit
223 3590 345 3658 puero,
366 3591 589 3661 supremaque
606 3592 781 3639 murmura
801 3566 938 3637 volvens
959 3593 967 3635 :

87 3712 103 3746 α
123 3686 195 3750 Hoc
213 3698 322 3756 tamen
341 3688 469 3759 interea
484 3714 565 3759 caro
586 3691 713 3784 potiere
733 3687 896 3785 sepulcro.
918 3718 934 3753 n

86 3800 182 3872 Tales
201 3807 325 3897 optatis
343 3830 462 3902 regum
486 3810 523 3877 in
543 3808 773 3904 complexibus
793 3809 913 3890 ambo,

86 3925 152 3991 Par
173 3924 301 4018 insigne
314 3928 447 4010 animis,
466 3927 593 3998 AEtolue
605 3944 639 3997 et
656 3928 799 4024 inclytus
815 3934 936 4015 Arcas,

87 4047 246 4141 Egregiae
258 4044 372 4116 efflant
388 4047 534 4136 animas,
552 4046 685 4143 letoque
701 4049 867 4118 fruuntur.
