2812 5258
53 396 87 457 p.
100 397 174 458 ei.)
270 384 275 390 ·
371 388 582 444 Tffltutluos
605 387 713 441 menn
738 388 785 441 iv.

56 521 177 589 Mortis
197 512 387 608 inexpletae,
408 528 526 607 tuque,
545 538 566 579 o
587 514 763 581 saevissime
780 513 940 602 fratrum,

57 639 122 708 Cui
138 637 260 706 servire
278 634 346 702 dati
365 636 499 716 Manes,
516 647 704 725 aeternaque
725 647 859 701 sontum

58 754 247 851 Supplicia,
267 768 366 847 atque
384 753 440 820 imi
459 750 641 820 famulatur
658 752 750 847 regia
770 752 908 839 mundi,

59 876 184 946 Solvite
202 872 348 968 pulsanti
371 871 444 941 loca
462 888 574 960 muta,
595 888 628 941 et
644 874 742 941 inane
757 897 876 942 severae

59 974 302 1088 Persephones,
322 993 509 1087 vulgusque
526 1017 607 1060 cava
624 992 686 1060 sub
705 1008 804 1062 nocte
819 1010 990 1088 repostum

60 1116 196 1202 illicite,
216 1129 249 1183 et
266 1113 364 1207 plena
381 1112 495 1182 redeat
513 1117 615 1207 Styga
635 1115 778 1207 portitor
795 1111 883 1181 alno.

61 1242 155 1306 Ferte
169 1234 269 1305 simul
289 1260 445 1331 gressus:
464 1259 525 1302 nec
542 1232 682 1329 simplex
698 1236 856 1303 Manibus
875 1250 945 1304 esto

62 1362 99 1427 ln
120 1357 226 1426 lucem
241 1381 392 1425 remeare
409 1354 550 1424 modus:
570 1370 608 1424 tu
626 1380 740 1450 separe
756 1371 844 1425 coetu

62 1477 203 1572 Elysios,
224 1481 359 1579 Persea,
376 1477 464 1569 pios,
488 1477 648 1571 virgaque
666 1479 795 1570 potenti

63 1596 206 1667 Nubilus
225 1600 326 1666 Arcas
347 1611 424 1691 agat
440 1622 448 1664 ε
467 1611 583 1666 contra
606 1621 664 1691 per
684 1599 822 1667 crimina
842 1597 981 1685 fimetis,

62 1723 131 1808 Qui
149 1718 259 1813 plures
280 1720 406 1803 Erebo,
424 1715 603 1812 pluresque
620 1743 638 1786 e
658 1722 819 1812 sanguine
841 1719 975 1807 Cadmi,

63 1845 181 1935 Angue
199 1853 249 1907 ter
266 1864 420 1923 excusso,
439 1853 473 1905 et
490 1837 644 1931 flagranti
661 1841 782 1930 praevia
801 1855 896 1923 taxo,

63 1949 265 2053 Tisiphone,
282 1957 353 2025 dux
372 1957 479 2051 pande
491 1956 604 2049 diem,
626 1982 687 2025 nec
707 1956 790 2027 lucis
808 1975 943 2053 egentes

65 2076 237 2146 Cerberus
254 2100 396 2145 occursu
414 2077 563 2169 capitum
581 2076 779 2170 detorqueat
800 2079 967 2148 umbras.»

116 2199 280 2266 Dixerat:
295 2212 328 2264 et
350 2196 474 2290 pariter
495 2198 608 2266 senior
624 2198 834 2292 Phoebeaque
853 2200 947 2292 virgo

66 2323 212 2388 Erexere
229 2318 381 2385 animos:
404 2314 453 2385 illi
471 2317 649 2386 formidine
663 2317 755 2387 nulla

67 2440 216 2532 (Quippe
233 2438 267 2504 in
283 2435 383 2506 corde
404 2438 530 2532 Deus),
548 2436 655 2508 solum
675 2454 799 2508 tremor
814 2440 928 2510 obruit
946 2441 1063 2535 ingens

68 2556 381 2652 OEdipodionidcn,
399 2561 549 2652 vatisque
569 2559 735 2629 horrenda
751 2563 900 2630 canentis

69 2682 168 2749 Nunc
185 2680 359 2765 humeros,
379 2704 469 2748 nunc
485 2679 541 2748 ille
563 2706 701 2766 manus,
722 2695 755 2749 et
772 2680 895 2749 vellera
912 2695 1042 2773 pressat

71 2802 216 2888 Anxius,
235 2801 441 2894 inceptisque
457 2800 536 2869 velit
555 2799 712 2867 desistere
733 2802 842 2868 sacris.
947 2850 950 2855 .

119 2919 237 3010 Qualis
252 2920 391 2991 Gaetulae
407 2920 632 2990 stabulantem
650 2919 691 2990 ad
714 2920 871 3014 confraga
891 2919 980 2988 silvae

73 3046 222 3112 Venator
239 3041 340 3137 longo
358 3059 489 3111 motum
505 3041 650 3112 elamore
668 3040 805 3143 leonem.

72 3166 263 3260 Exspectat,
282 3163 418 3232 firmans
433 3166 600 3245 animum,
620 3179 654 3230 et
671 3161 825 3230 sudantia
843 3164 917 3232 nisu

71 3281 154 3353 Tela
175 3307 353 3377 premens:
371 3282 460 3376 gelat
480 3309 539 3351 ora
562 3308 682 3376 pavor,
706 3306 902 3378 gressusque
922 3287 1117 3355 tremiscunt

72 3406 161 3494 Quis
182 3406 311 3488 veniat,
329 3418 564 3498 quantusque:
584 3403 641 3471 sed
660 3402 796 3473 horrida
812 3406 905 3500 signa
925 3405 1096 3476 frementis

11 3578 17 3585 .
74 3525 221 3617 Accipit,
239 3540 273 3593 et
292 3549 378 3593 caeca
400 3526 535 3592 metitur
551 3549 724 3592 murmura
742 3549 832 3593 cura.

126 3647 237 3738 Atque
252 3645 306 3716 liic
325 3644 468 3715 Tiresias
489 3644 640 3715 nondum
659 3645 916 3714 adventantibus
933 3648 1083 3715 umbris:

79 3772 242 3856 «Testor,
259 3768 321 3851 ait,
336 3766 448 3852 Divae,
467 3765 588 3857 quibus
605 3767 696 3835 hune
706 3767 928 3835 saturavimus
943 3767 1074 3860 ignem,

78 3886 246 3978 Levaque
264 3885 432 3955 convulsae
448 3884 601 3953 dedimus
619 3887 787 3954 carchesia
807 3901 922 3961 terrae,

77 4007 152 4075 lam
170 4028 302 4098 nequeo
323 4003 462 4075 tolerare
482 4031 610 4075 moram
630 4033 637 4074 :
659 4031 815 4090 cassusne
835 4003 989 4073 sacerdos

229 4149 263 4194 u.
941 4151 960 4190 2
