2812 5258
309 436 349 491 ΙΝ
369 439 399 492 Ρ.
418 439 448 492 P.
469 434 595 492 sumt
614 437 706 490 SILV.
728 439 796 491 Llll.
814 438 835 490 l.
1030 438 1082 496 251

60 548 134 606 Vide
147 549 215 606 artis
228 567 322 623 opera.
336 552 371 605 In
383 560 475 606 meute
488 549 587 604 habuit
600 550 705 606 Statius
714 551 825 624 Virgilii
837 552 945 622 locum,
960 555 1067 610 AEaerd.
1073 594 1084 622 ,

60 658 117 711 arr,
130 660 157 696 v.
173 648 225 707 ior
242 660 304 716 sqq.

319 818 489 834 .........
500 782 543 832 Ille
556 790 644 832 retorto

165 863 285 914 Pacuium
298 864 323 913 in
334 880 423 915 norem
436 865 515 914 senior
526 874 657 914 ramaclus
670 865 757 915 amictu

164 947 242 996 Multa
250 963 321 997 anina
332 947 423 998 medica
431 945 562 1012 l’boebique
573 947 709 1013 potentibus
720 947 836 1000 herbis...

102 1095 247 1150 Euboici...
260 1098 380 1169 pulveris
394 1094 432 1171 (v.
454 1091 861 1169 126).s1by11aetotannomm
877 1107 949 1170 quot
965 1098 1087 1171 pulveris

61 1195 109 1241 aut
122 1204 212 1242 amne
223 1186 309 1243 micas
322 1205 407 1242 manu
420 1186 511 1242 tuerat
524 1185 678 1257 complexa.
692 1186 767 1241 Nota
782 1205 826 1242 res
838 1204 874 1243 cx
887 1188 1002 1247 Ovidis.

103 1277 193 1335 citu.
208 1280 243 1333 V.
257 1281 292 1334 V.
308 1280 344 1333 as
358 1298 420 1352 sqq.
426 1319 434 1348 ,
450 1279 485 1333 ci.
500 1277 537 1333 ad
553 1277 646 1331 Carra.
668 1295 724 1347 ιιι,
738 1277 785 1347 67.

107 1371 222 1424 Undosa
239 1370 372 1442 Carystos
393 1369 431 1446 (v.
447 1366 504 1444 34).
526 1367 614 1423 Simul
635 1368 782 1440 respicitur
795 1368 832 1424 ad
848 1370 994 1426 marmoris
1007 1389 1088 1445 cary-

62 1460 107 1515 stii
119 1471 261 1531 naturam,
276 1461 380 1535 dequo
394 1461 550 1525 Martianus
563 1460 676 1532 Capella
690 1479 696 1512 ε
711 1483 723 1508 «
738 1462 868 1534 Carystos
880 1479 1018 1516 rummare
1032 1460 1088 1517 flu·-

62 1552 155 1608 ctibus
168 1555 359 1624 concolor03»
374 1564 401 1609 et
421 1553 540 1622 Statius,
557 1571 597 1622 ιι,
612 1570 642 1620 a,
657 1551 693 1625 93
710 1571 716 1604 ι

166 1730 250 1745 .....
264 1695 376 1745 Grudeus
389 1694 462 1745 lluctu
475 1704 564 1744 cenare
575 1696 689 1760 Carystos.

62 1827 117 1885 Vix
130 1847 203 1901 opus
215 1828 380 1897 admonere,
394 1828 507 1883 nomina
519 1827 565 1883 hic
579 1829 727 1904 regionum
740 1822 835 1883 omnia
848 1828 884 1882 de
896 1845 1034 1887 mumore
1047 1829 1088 1887 ibi

62 1919 246 1992 proveniente
265 1919 334 1989 dici,
349 1931 381 1973 ut
394 1920 541 1993 saepissime
555 1922 632 1993 apud
646 1921 773 1977 Statium.

103 2013 215 2066 Ls'rnim
235 2023 348 2066 cessant
361 2010 398 2087 (v.
415 2009 472 2087 aa).
488 2012 674 2067 Scribendum
692 2022 753 2068 erat
771 2029 833 2065 cum
851 2009 945 2066 multis
964 2012 1087 2078 tamtan,

63 2102 143 2176 quod
156 2121 215 2159 non
234 2103 419 2159 necessarium
434 2114 475 2159 est
488 2104 624 2176 explicari
638 2123 701 2159 curn
717 2105 857 2171 Gronov„
871 2103 973 2167 Denta,
988 2122 1016 2175 p.
1032 2102 1088 2159 283

62 2212 120 2266 sq„
135 2193 267 2250 fenestra.
281 2225 321 2236 —
335 2194 378 2249 Ad
391 2195 520 2249 ultimum
534 2196 661 2250 carminis
674 2215 701 2250 v.
713 2193 863 2249 tenendum
876 2204 929 2263 est,
943 2195 1089 2251 Etruscum

61 2303 115 2357 per
127 2295 237 2360 tempus
249 2285 366 2360 aliquod
373 2288 525 2360 relegatum
539 2287 632 2343 fuisse.
642 2287 716 2342 Vide
729 2288 875 2355 Gnoson,
889 2287 994 2354 Denta,
1008 2306 1036 2360 p.
1051 2287 1088 2343 68

62 2387 90 2431 et
106 2378 170 2443 403.

102 2470 193 2523 Csan.
202 2470 250 2525 Vl.
260 2468 498 2541 Hendecasyllabi.
512 2471 576 2523 Vox
589 2471 748 2523 saturnales
762 2467 880 2523 delenda
894 2466 929 2521 de
936 2467 1018 2522 titulo
1026 2486 1088 2523 cum

62 2559 126 2614 edd.
141 2570 208 2615 vett.
217 2570 243 2614 et
253 2559 336 2614 codd.
347 2559 463 2632 aliquot.
480 2561 637 2615 Saturnalia
652 2561 726 2615 enim
735 2579 793 2614 non
803 2558 925 2614 calendis
939 2559 1088 2626 decembr,

63 2651 112 2706 scd
125 2652 161 2706 ab
173 2670 197 2705 a.
210 2652 237 2706 d.
252 2670 301 2705 xvi
310 2653 360 2706 cal.
375 2651 483 2721 januar.
499 2653 722 2708 celebrabantur.
737 2651 848 2707 Erroris
862 2649 999 2721 originem
1011 2667 1091 2702 mon-

62 2743 157 2796 stravit
170 2743 270 2799 Markl.

102 2834 272 2909 Ebriamquc
290 2847 396 2890 noctem
412 2834 422 2909 (
441 2879 447 2891 .
464 2834 506 2911 8).
521 2835 578 2890 Vix
597 2833 650 2888 alia
662 2833 748 2887 verba
763 2849 778 2886 a
795 2829 990 2905 manuscriptis
1002 2831 1090 2907 magis

65 2922 158 2978 dubia.
172 2927 246 3000 Lege
260 2927 295 2981 de
307 2927 466 2981 diversitate
480 2924 607 2981 lectionis
620 2924 649 2976 in
662 2925 690 2976 lr.
705 2923 722 2978 l.
737 2922 924 2977 narrationem
939 2922 1090 2991 Gronovii,

64 3016 154 3068 Diatn
163 3055 172 3080 ,
191 3035 250 3089 cap.
264 3036 330 3072 1111.
352 3020 386 3072 In
403 3037 481 3091 seqq.
497 3015 639 3071 versiculis
653 3015 752 3069 Markl.
768 3015 869 3069 frustra
884 3014 979 3068 statuit
997 3014 1091 3086 aliquia

66 3104 168 3159 deesse.

107 3197 143 3249 Et
160 3199 235 3270 quod
246 3202 388 3274 percoquit
402 3201 510 3255 Ebosia
531 3201 627 3253 cannis·
642 3208 677 3269 tv.
704 3196 756 3271 15).
776 3199 819 3250 lta
842 3195 1004 3264 Salmasius,
1017 3215 1089 3268 pro-

65 3289 150 3341 bante
164 3291 304 3359 Gronov,
318 3310 341 3347 c.
357 3312 421 3362 xiv,
436 3294 486 3348 ubi
497 3293 590 3348 omnia
604 3289 821 3363 hujuslectionis
834 3289 962 3363 presidia
976 3291 1090 3345 collecta

65 3379 160 3434 habes·
175 3380 231 3433 Sed
248 3381 330 3436 codd.
345 3404 352 3436 t
367 3409 379 3433 s
393 3387 427 3440 Et
441 3406 513 3460 quies
526 3385 683 3457 praecoquit
703 3381 756 3458 (vel
767 3381 892 3455 percoq.)
908 3379 1009 3435 Ebosia
1023 3401 1090 3434 can-

65 3490 135 3537 nas,
153 3471 251 3543 »quod
265 3484 339 3527 recte
352 3476 463 3533 reduxit
477 3477 629 3545 Weberus,
643 3477 700 3529 haec
713 3492 828 3528 monens
843 3493 849 3527 ι
865 3473 1092 3527 «Demonstravit

65 3561 226 3618 Palmcrius·
242 3564 380 3630 ¹caesaricas,
403 3586 461 3622 non
480 3588 600 3634 caunas,
623 3567 678 3622 dici
696 3584 783 3641 genus
801 3564 904 3619 lienum
926 3564 1089 3618 siccatorum

66 3672 82 3708 a
104 3656 221 3720 Cauno,
242 3652 328 3708 Cariae
347 3654 433 3724 urbe,
453 3676 605 3734 earumque
622 3677 790 3732 parvarum,
813 3675 901 3729 quum
920 3653 987 3708 ticos
1005 3654 1091 3708 Ebusi

65 3746 109 3800 vel
122 3744 231 3799 Ebosia
240 3744 335 3800 insulae
350 3744 393 3817 (in
408 3749 639 3816 balearieomaril
652 3748 889 3823 praestantissimas
903 3745 1092 3817 amplissimas-

66 3854 123 3909 que
136 3837 268 3908 praedicet
290 3837 408 3905 Plinius;
423 3839 524 3896 deinde
536 3843 563 3898 h.
577 3846 594 3898 l.
617 3844 644 3897 in
657 3843 781 3915 pretiosa
800 3839 913 3896 Caesaris
925 3837 1019 3909 pluvia
1032 3856 1091 3892 non

65 3927 148 3981 vilem
162 3946 235 3997 rem,
245 3929 355 4001 qualem
369 3927 438 3985 ficus
452 3930 511 3985 illus
524 3934 625 4005 Cauni,
639 3934 688 3989 sed
702 3951 792 3988 raram
806 3943 833 3985 et
848 3929 1006 3999 delicatam,
1019 3946 1091 4001 qua-

65 4018 98 4074 lis
111 4019 273 4075 saccharum
286 4019 369 4075 etiam
384 4031 450 4076 tunc
465 4021 561 4093 fuerit,
574 4025 771 4081 recensendam
785 4022 879 4079 irusse.
895 4046 906 4069 ι
999 4060 1001 4064 »
