2812 5258
314 429 353 486 28
619 428 837 485 THEBAIDOS
860 429 972 485 LIBER
993 431 1044 485 Π.
1244 439 1361 498 (ttius.)

311 561 437 649 Argus,
455 551 571 649 Aquae!
594 553 780 649 longusque
801 556 909 622 virum
927 580 1028 648 super
1044 581 1104 625 ora
1119 568 1270 629 cucurrit

310 673 460 760 Clamor,
477 673 597 768 Aqua!
619 677 667 744 sic
685 674 853 744 Ambracii
873 700 934 768 per
951 674 1051 744 litora
1069 681 1163 771 ponti

310 797 473 865 Nauticus
491 798 526 864 in
545 799 645 865 remis
661 798 823 889 juvenum
843 810 1052 866 monstrante
1068 801 1230 894 magistro

310 918 363 984 Fit
382 942 499 1006 sonus,
515 918 618 1010 inque
634 919 741 985 vicem
757 931 874 984 eontra
889 941 1046 1010 percussa
1063 916 1223 990 reclamat

311 1039 430 1126 Terra,
447 1036 610 1106 salutatus
628 1062 734 1130 quum
750 1036 905 1105 leucada
922 1037 1039 1130 pandit
1059 1037 1188 1133 Apollo.

359 1159 545 1228 Incubuere
560 1157 654 1227 vadis
672 1160 795 1252 passim
810 1157 1001 1227 discrimine
1020 1156 1114 1229 nullo

311 1279 424 1349 Turba
443 1277 558 1368 simul,
578 1280 745 1375 primique
764 1305 773 1346 t
792 1279 909 1372 nequit
925 1304 1094 1349 secernere
1110 1282 1231 1350 mixtos

313 1404 420 1494 AEqua
439 1401 510 1469 sitis
529 1426 537 1468 :
559 1399 775 1470 frenatasuis
791 1401 826 1468 in
843 1400 996 1468 curribus
1014 1402 1141 1470 intrant

313 1526 493 1609 Armenta,
510 1536 545 1590 et
561 1519 652 1615 pleni
666 1519 826 1604 dominis,
845 1521 1012 1612 armisque
1027 1520 1181 1592 feruutur

313 1641 577 1736 Quadrupedes,
597 1641 659 1709 hos
674 1638 776 1707 turbo
791 1661 910 1730 rapax,
929 1638 990 1708 hos
1008 1638 1135 1711 lubrica
1151 1642 1271 1712 fallunt

314 1768 424 1833 Saxa:
444 1787 505 1831 nec
525 1758 702 1855 implicitos
721 1758 824 1827 fluvio
843 1761 1027 1829 reverentia
1044 1785 1139 1856 reges
1323 1735 1335 1762 ι

312 1887 507 1970 Proterere,
527 1895 586 1950 aut
603 1879 755 1948 mersisse
772 1879 859 1948 vado
877 1878 1051 1952 clamantis
1067 1885 1164 1952 amici

313 2008 392 2073 Ora.
410 2008 572 2073 Fremunt
589 1999 705 2088 undae,
722 1998 908 2096 longusque
927 2025 948 2069 a
964 2002 1113 2073 sontibus
1129 2008 1234 2074 amnis

313 2125 494 2217 Diripitur3
511 2121 612 2192 modo
631 2119 704 2191 lene
722 2123 851 2210 virens,
872 2138 905 2192 et
925 2124 1055 2218 gurgite
1074 2149 1158 2218 puro

314 2245 533 2336 Perspicuus‚
553 2267 642 2311 nunc
661 2243 773 2312 sordet
789 2245 884 2336 aquis
899 2258 1031 2338 egestus
1050 2244 1091 2311 ab
1110 2245 1177 2311 imo

313 2361 436 2433 Alveus
452 2389 461 2430 t
480 2360 558 2431 inde
577 2378 669 2432 toros
684 2363 849 2457 riparum,
866 2378 899 2432 et
917 2377 1055 2457 proruta
1071 2362 1207 2430 turbant

314 2483 476 2554 Gramina
497 2480 593 2576 :jam
610 2506 740 2551 crassus
758 2506 919 2576 coenoque
938 2497 973 2550 et
990 2480 1126 2576 pulvere
1148 2499 1295 2571 torrens,

314 2606 518 2697 Quanquam
537 2601 669 2698 expleta
688 2604 777 2694 sitis,
794 2603 923 2672 bibitur
940 2617 1061 2671 tamen.
1082 2604 1225 2697 Agmina
1242 2603 1329 2672 bello

315 2730 494 2795 Decertare
514 2739 631 2821 putes,
644 2726 840 2819 justumque
860 2725 895 2793 in
915 2725 1046 2819 gurgite
1063 2727 1207 2793 Martem

315 2846 504 2936 Perfurere,
523 2863 557 2916 et
576 2861 707 2942 captam
725 2843 796 2915 tolli
816 2845 997 2915 victoribus
1015 2844 1139 2913 urbem.

263 3003 266 3008 ¹
364 2973 474 3062 Atque
492 2967 611 3062 aliquis
632 2992 749 3062 regum
769 2966 880 3034 medio
896 2965 1112 3035 circumfluus
1131 2966 1221 3033 amni
1245 2991 1251 3031 :

316 3120 332 3154 a
350 3087 533 3177 Silvarum,
553 3089 694 3177 Nemee,
712 3086 812 3181 longe
828 3087 942 3181 regina
964 3087 1145 3173 virentum,

316 3210 417 3278 Lecta
434 3212 509 3278 Jovi
530 3209 638 3297 sedes,
656 3232 756 3301 quam
773 3224 880 3292 nuuc,
896 3231 964 3273 nou
982 3204 1133 3274 Herculis
1149 3209 1229 3274 actis

316 3332 410 3398 Dura
427 3330 545 3423 magis,
564 3328 672 3396 rabidi
687 3353 792 3422 quum
810 3324 895 3417 colla
911 3327 1074 3395 minantia
1089 3330 1229 3395 monstri

315 3452 480 3542 Augeret,
499 3462 533 3516 et
548 3447 694 3517 tumidos
711 3448 855 3515 animam
875 3461 1069 3541 angustaret
1087 3449 1121 3514 in
1141 3462 1232 3516 artus
1250 3474 1257 3514 :

315 3572 385 3637 Hac
403 3569 530 3637 saevisse
548 3582 644 3636 tenus
661 3563 863 3660 populorum
884 3566 1017 3659 incepta
1039 3582 1175 3635 tuorum

317 3686 491 3759 Sufficiat:
511 3702 614 3780 tuque
631 3712 652 3754 ο
670 3687 798 3755 cunctis
815 3687 945 3756 insuete
961 3686 1090 3755 domari

316 3806 467 3895 Solibus,
481 3822 611 3876 aeteruae
628 3804 767 3901 largitor
787 3809 939 3903 corniger
961 3806 1075 3894 uudae,

316 3932 425 3999 Laetus
443 3953 515 4017 eas,
533 3951 733 4020 quacunque
751 3927 851 3996 domo
869 3925 975 4022 gelida
990 3953 1050 3996 ora
1066 3927 1201 3997 resolvis

318 4048 509 4121 Immortale
530 4063 664 4118 tumens
686 4076 693 4117 :
717 4050 929 4143 nequeenim
950 4051 1009 4118 tibi
1031 4076 1112 4119 cana
1133 4065 1281 4143 repostas
