2812 5258
335 489 375 542 ΙΝ
396 489 426 541 Ρ.
447 489 475 541 Ρ.
497 484 623 541 suun
642 481 749 536 ΤΗΕΒ.
770 481 839 537 LlB.
860 481 908 536 lv.
1086 482 1139 538 301

151 603 214 657 Nou
229 604 326 658 marne
345 620 417 676 opus
431 602 469 677 (v.
489 598 565 674 175).
580 600 686 652 Matres
699 595 774 651 enim
791 605 893 652 notum
906 607 948 652 est
962 606 1057 653 texere
1070 599 1141 652 soli·

111 703 153 751 tes
172 695 296 751 tunicam
312 694 458 751 militarem
480 690 613 746 filiorum.
629 687 694 744 Vid.
709 689 856 743 Beerssr.
873 691 926 744 ΜΒ
939 688 985 743 hic
1000 708 1006 743 :
1021 689 1141 745 «PMa-

110 787 177 840 rotr's
196 804 285 860 opus,
299 810 312 837 ι
330 804 353 842 e.
375 787 411 860 ql.
432 782 553 838 «Martis
572 790 622 837 aut
643 779 796 835 Vulcania
818 779 902 836 Unde
919 781 1012 836 Barth.
1030 791 1141 837 tentat:

110 878 301 953 Pymgnrouis.

150 982 246 1037 Getico
263 981 436 1056 quosflebr'le
452 981 517 1037 uati
530 980 635 1034 Dorion
654 975 691 1052 (r.
709 976 760 1032 181
776 976 861 1055 sqq).
874 978 1047 1054 l'haruyridi.
1062 979 1143 1034 Heu-

110 1072 145 1129 sit
160 1074 217 1128 haec
232 1091 266 1131 ex
279 1075 422 1143 Homero,
435 1073 540 1137 Iliad„
552 1089 591 1140 ιι,
609 1086 660 1123 ror
677 1083 755 1141 sqq,
769 1086 798 1142 q.
813 1087 839 1123 r.

148 1179 260 1234 Pariter
275 1181 307 1234 ru'
315 1179 452 1254 providus
468 1177 550 1231 heros
563 1175 669 1230 Milr'let
687 1173 725 1251 (v.
744 1172 819 1249 197).
839 1174 869 1230 Si
887 1175 958 1249 quid
976 1175 1078 1247 rideo,
1097 1178 1141 1232 le-

110 1270 234 1343 gendum
247 1281 290 1325 est
302 1271 330 1325 si
346 1286 402 1343 pro
416 1269 461 1335 πί,
481 1264 562 1342 qnod
575 1277 603 1322 et
617 1266 753 1323 exhibent
772 1263 789 1320 5
804 1265 889 1321 codd.
895 1307 904 1337 ,
920 1267 949 1321 in
962 1267 1067 1342 quibus
1085 1271 1141 1324 PR.

109 1361 199 1417 Aliter
215 1361 380 1416 senteutiam
396 1378 456 1415 uon
473 1359 589 1415 extrico.

152 1454 204 1508 Sat
221 1453 335 1508 dublum
347 1464 420 1508 coetu
439 1454 549 1507 solante
567 1451 692 1506 ιίηιοιοιη
713 1451 828 1506 Fallere
846 1446 884 1525 (r.
900 1464 956 1504 eoa
975 1447 1039 1527 sq).
1059 1451 1143 1507 «Stat

109 1543 256 1602 duleum.-
268 1546 372 1601 Sensus
385 1565 393 1599 ι
408 1542 519 1601 Sufficit
532 1544 569 1600 ad
582 1543 712 1600 solatium
725 1543 835 1598 feminae
848 1541 898 1597 tali
911 1551 1040 1615 ternpore
1055 1562 1141 1599 orna-

111 1635 188 1690 tibus
201 1654 306 1692 cerae.
320 1636 402 1694 Ordo
415 1637 478 1692 talis
493 1655 500 1691 ι
513 1638 575 1692 Stat
590 1634 660 1691 mihi
671 1635 801 1691 timorem
811 1633 932 1688 dubium
945 1643 1021 1688 cortu
1033 1635 1141 1690 solante

109 1725 220 1798 fellere,
239 1727 258 1782 i.
276 1746 301 1783 e.
319 1728 501 1784 disumulare.
519 1729 606 1784 Iuor.
624 1758 665 1770 -
682 1729 769 1783 Recte
785 1725 832 1781 hie
846 1736 919 1793 stut,·
936 1725 987 1780 sed
999 1725 1072 1800 quid
1085 1726 1141 1781 lroo

109 1819 360 1889 «consolante»
377 1820 550 1876 eontrarium
571 1820 655 1893 plane
672 1817 800 1874 moribus
825 1815 964 1873 heroicis?
976 1817 1054 1873 Nihil
1073 1818 1142 1874 nori

108 1909 223 1980 melius,
242 1929 327 1985 quens
345 1930 381 1967 ex
401 1913 565 1984 coniectura
582 1911 705 1967 seribere
729 1929 794 1965 eum
813 1909 962 1966 Bernartio
981 1910 1142 1966 :scalatlro

107 2002 247 2058 solante.»
261 2003 334 2060 Vide
351 2003 475 2078 interpp.
489 2004 526 2060 ad
539 2023 581 2074 rr,
601 2003 672 2077 439;
692 2012 720 2057 et
733 2019 779 2057 res
792 2011 869 2057 nota.

149 2107 327 2184 Premasque
345 2108 418 2184 jugo
420 2150 466 2164 .....
498 2108 625 2162 habenas
650 2105 689 2183 (r.
713 2104 792 2182 arq).
812 2105 917 2161 Merito
945 2106 1002 2162 hoe
1028 2106 1142 2162 damnat

107 2198 258 2254 Marklad
268 2200 349 2268 Situ,
364 2220 430 2272 r,a,
449 2202 491 2258 13.
502 2198 665 2276 Legendnm
679 2217 743 2254 curn
755 2200 828 2255 unz
843 2199 1117 2276 «pressasquejugo.
1127 2223 1140 2247 υ

149 2304 303 2361 Plaudentr'
314 2305 352 2383 (r.
368 2302 445 2382 225).
466 2304 519 2362 eui
540 2304 721 2361 saltationum
742 2303 894 2360 certemina
913 2303 1139 2360 celebrabantur.

107 2395 141 2448 V.
164 2413 206 2468 sq.
229 2398 373 2451 uolucrum
391 2415 499 2471 pareus
519 2407 562 2451 est
582 2404 734 2474 roturplqss
758 2395 892 2466 Homeri;
916 2394 973 2451 rid.
996 2397 1140 2452 herere.

108 2485 231 2543 Euoras
247 2497 342 2542 eutem
355 2488 466 2560 olivifer
479 2505 539 2542 non
558 2487 718 2542 celebratur
735 2487 817 2556 alies,
837 2504 931 2561 neque
951 2487 989 2543 ad
1005 2488 1141 2560 palestrae

108 2577 270 2635 unctionem
284 2579 316 2635 id
332 2580 433 2636 referri
450 2578 586 2636 sermonis
598 2580 674 2654 leges
688 2579 836 2652 patiuntur
855 2597 862 2633 ι
879 2598 970 2654 quere
984 2580 1140 2652 preferen-

107 2667 176 2722 dum
192 2670 272 2742 quod
285 2671 316 2726 in
333 2672 418 2728 bonis
431 2672 511 2727 tiss.
530 2670 636 2743 reperit
649 2681 679 2726 et
691 2671 774 2741 locis,
787 2689 821 2741 x,
836 2672 910 2739 5ol,
923 2681 952 2726 et
964 2672 1043 2737 Sila,
1061 2688 1139 2740 rsa,

111 2765 180 2829 ela,
194 2761 260 2817 eatis
273 2762 399 2820 defendit
412 2762 574 2819 Gronovius
592 2780 599 2815 ε
613 2761 736 2833 olorifer.
752 2763 822 2836 Reg.
844 2779 856 2815 ι
872 2763 916 2814 ori
927 2778 965 2816 er.

148 2854 318 2928 Duplexque
333 2856 435 2912 s'rrsem
449 2855 557 2911 missile
569 2854 644 2908 uodo
657 2853 694 2928 (r.
710 2851 788 2929 235).
802 2853 932 2909 Fortasse
944 2853 1055 2927 legend.
1074 2873 1139 2910 curn

106 2945 161 2999 ΜΒ
180 2962 187 2996 :
208 2969 220 2992 ι
234 2945 392 3020 duplicique
409 2948 541 3004 urorum
555 2943 630 3001 sniss.
648 2963 700 2999 n.»
718 2947 784 3000 Post
803 2945 924 3000 heduus
943 2955 999 3015 est,
1020 2946 1051 3000 in
1071 2966 1137 3003 mo-

107 3035 176 3091 dum
195 3036 280 3092 Led·
294 3035 426 3096 filiorum.

148 3129 245 3203 Neque
258 3131 332 3185 euiru
344 3131 408 3186 lues
418 3132 516 3202 juveni
517 3131 599 3204 soret
618 3133 660 3188 ire
671 3141 802 3206 potestas
819 3127 858 3208 (r.
878 3128 956 3208 atq).
977 3132 1137 3189 Necessaria

108 3237 167 3275 esse
187 3220 302 3277 ridetur
315 3221 400 3278 lectio
414 3224 469 3278 ΜΒ
489 3223 567 3278 :llas
580 3243 635 3298 pro
648 3224 726 3291 lroee,
745 3241 769 3279 c.
787 3224 825 3298 gl.
845 3241 852 3277 ι
872 3247 884 3273 s
902 3222 938 3279 ad
957 3233 1014 3279 tem
1033 3223 1136 3280 incon·

107 3313 210 3368 sultum
240 3313 328 3369 iter.»
352 3318 445 3372 Mater
463 3315 511 3371 ille
538 3327 598 3372 eret
621 3317 752 3373 Atalanta
779 3316 931 3386 Arcadica,
951 3335 1033 3373 versu
1065 3317 1137 3387 sss,

104 3403 203 3461 Iliense
218 3426 317 3465 comes.
333 3409 375 3465 Cf.
391 3410 537 3464 Bessus.
556 3408 665 3477 Come,
686 3429 770 3479 ιιιειι,
783 3420 816 3465 ut
829 3428 856 3464 r.
875 3406 940 3465 325.

148 3496 239 3553 Iben's
255 3497 293 3575 (r.
310 3498 388 3578 266).
402 3504 533 3575 Purpura
546 3500 681 3579 subnigra
694 3520 729 3559 ex
743 3504 837 3558 Ponto
857 3521 878 3559 s.
885 3500 1035 3577 ferrugine
1043 3503 1135 3570 r'bera,
1161 3542 1164 3547 -

107 3599 139 3644 ut
156 3590 196 3645 ait
207 3591 321 3668 virgil,
334 3598 414 3663 Ero,
434 3613 481 3664 rx,
495 3593 569 3664 582,
582 3594 633 3651 ulti
650 3614 677 3650 r.
687 3597 773 3652 Serv.
787 3607 816 3652 et
829 3594 952 3670 interpp.

146 3687 257 3757 Aspero
275 3688 382 3759 plumis
401 3684 439 3763 (r.
466 3685 544 3762 268).
565 3687 697 3744 «Loricse
714 3687 867 3763 squernis..
891 3688 972 3744 unde
988 3687 1136 3765 Virgilius,

107 3771 197 3849 [Ere.
212 3795 261 3844 ιι,
277 3775 363 3853 7711:

489 3902 650 4020 ....Quen
662 3957 822 4024 pelliseheuir

211 4041 238 4086 ln
250 4037 354 4104 plemen
368 4038 472 4104 equenis
480 4053 539 4090 euro
549 4049 657 4090 comesta
668 4040 773 4107 tegebat.
784 4065 797 4083 ι·

751 4126 823 4172 hur.
