2812 5258
666 443 695 495 P.
716 441 835 495 runnu
856 437 1002 507 δἼἎΤΠ,

789 873 863 957 IV.

380 1187 442 1250 AD
465 1181 721 1251 VICTORIUM
745 1178 1028 1246 MARCELLUM
1053 1177 1274 1246 EPlSllOLA.

751 1501 907 1520 *ι

362 1750 485 1817 Cunna
504 1771 563 1840 per
581 1747 742 1815 Euboicos
760 1770 828 1814 non
848 1747 976 1839 segnis,
995 1743 1151 1839 epistola,
1170 1768 1324 1840 campos;

316 1870 385 1935 Hac
403 1869 547 1961 ingressa
564 1866 651 1951 vias,
667 1889 733 1957 qua
751 1862 869 1933 nobilis
885 1864 992 1957 Appia
1009 1865 1125 1933 crescit

315 1991 355 2055 In
373 1985 475 2072 latus,
493 2000 526 2053 et
543 1982 655 2052 molles
674 1982 797 2052 solidus
815 1983 934 2076 premit
949 2006 1050 2077 agger
1065 2007 1190 2052 arenas.
1231 2001 1233 2005 ’

315 2109 422 2196 lltque
438 2103 494 2171 ubi
509 2100 685 2172 Romuleas
700 2101 798 2170 velox
814 2102 1033 2194 penetraveris
1049 2126 1159 2189 arces,
1208 2122 1211 2127 ’

314 2224 482 2291 Continuo
499 2222 629 2290 dextras
649 2222 724 2290 llari
742 2235 817 2315 pete
834 2221 976 2290 Tibridis
994 2245 1085 2308 oras,

315 2340 418 2433 Lydia
435 2365 500 2433 qua
516 2343 645 2433 penitus
660 2354 812 2434 stagnum
830 2338 946 2407 navale
961 2354 1088 2408 coercet

315 2460 419 2552 Ripa,
437 2458 696 2548 suburbanisque
714 2457 834 2526 vadum
853 2460 1042 2550 praetexitur
1057 2460 1172 2528 bortis.

314 2575 386 2644 lllic
403 2577 570 2670 egregium
587 2575 756 2668 formaque
773 2577 955 2670 animisque
971 2577 1095 2646 videbis

314 2694 526 2780 Marcellum,
544 2709 577 2763 et
594 2693 679 2763 celso
698 2695 891 2789 praesignem
909 2698 1031 2766 vertice
1049 2721 1189 2766 nosces:

314 2817 378 2882 Cui
395 2817 538 2907 primum
554 2812 650 2882 solito
666 2811 755 2908 vulgi
773 2813 814 2881 de
829 2838 920 2883 more
936 2813 1093 2903 salutem,

314 2934 394 2999 Mox
411 2930 536 3000 inclusa
552 2932 657 3000 modis
676 2933 745 3000 haec
761 2931 898 3001 reddere
917 2934 1016 3002 verba
1034 2947 1224 3003 memento:

361 3055 459 3118 «lam
477 3066 578 3119 terras
595 3050 825 3143 volucremque
841 3050 954 3144 polum
971 3052 1046 3147 fuga
1064 3056 1148 3122 veris
1165 3057 1281 3147 aquosi

314 3173 436 3255 laxat,
454 3185 487 3239 et
503 3172 615 3239 Icariis
633 3169 752 3238 coelum
770 3169 941 3239 latratibus
959 3173 1047 3256 urit;

314 3288 427 3357 Ardua
441 3291 509 3380 jam
530 3289 636 3359 densae
654 3304 824 3358 rarescunt
842 3292 962 3358 moenia
980 3295 1091 3360 Romae
1111 3317 1119 3358 :

313 3408 381 3473 Hos
396 3410 557 3474 Praeneste
573 3431 718 3492 sacrum,
736 3432 852 3475 nemus
869 3408 929 3476 hos
946 3406 1080 3501 glaciale
1096 3410 1228 3495 Dianae,
1366 3451 1369 3457 .

313 3523 452 3618 Algidus
469 3539 526 3591 aut
543 3524 699 3610 horrens,
719 3540 775 3594 aut
791 3524 933 3594 Tuscula
950 3528 1092 3621 protegit
1108 3529 1245 3612 umbra3

312 3643 441 3710 Tiburis
457 3643 494 3709 hi
511 3639 620 3728 lucos,
638 3646 829 3736 Anienaque
846 3644 968 3739 frigora
987 3659 1130 3737 captant.

359 3763 435 3828 «Te
451 3784 582 3853 quoque
598 3758 745 3829 clamosae
761 3786 911 3854 quaenam
928 3761 1023 3857 plaga
1040 3765 1149 3832 mitior
1165 3764 1241 3832 urbi

312 3877 501 3947 Subtrahit?
517 3879 642 3946 aestivos
661 3904 727 3971 quo
745 3879 867 3974 decipis
882 3906 957 3949 aere
973 3881 1079 3950 soles?

311 3997 423 4085 Quid,
440 4012 515 4065 tuus
530 4010 606 4064 ante
623 4021 756 4081 omnes,
775 4012 830 4066 tua
847 4022 928 4066 cura
943 4000 1110 4091 potissima
1128 3997 1269 4088 Gallus,
